3570 5356
297 521 336 579 10

297 695 358 768 κόν,
381 697 432 757 τοῦ
450 694 484 758 δέ
497 692 639 777 δευτέρου
655 690 689 755 τδ
706 691 761 777 μέν
775 715 803 754 τι
815 693 881 754 κατ’
935 697 986 757 τοῦ
1003 693 1037 758 δὲ
1052 693 1196 776 δευτέρου
1212 690 1246 754 τὸ
1269 689 1323 775 μέν
1339 713 1366 753 τι
1382 693 1518 773 λογικόν,

297 805 395 896 ἀρχὰς
416 811 505 895 μέρος
522 795 654 893 λογικόν,
676 809 710 874 τὸ
727 809 761 874 δὲ
776 809 882 874 λοιπδν
934 813 967 876 τὸ
992 811 1025 876 δὲ
1046 810 1151 876 λοιπὸν
1172 807 1223 873 καί
1240 811 1385 872 πλεῖστον
1399 809 1516 892 ἠθικόν.

296 928 348 992 καὶ
371 930 517 993 πλεῖστον
537 928 666 1012 ἠθικόν.
681 978 687 995 .
700 978 728 996 ..
892 931 954 994 lod
977 930 1028 996 καὶ
1052 927 1227 1015 φιλομαθής
1251 929 1293 991 ών
1309 927 1450 1010 ζητήσεις
1466 927 1518 988 καί

933 1050 1078 1134 εὑρήσεις.
1101 1044 1153 1110 καί
1168 1071 1202 1129 γε
1219 1045 1339 1129 πολλήν
1354 1046 1388 1108 ἐκ
1404 1045 1518 1108 τούτων

932 1169 1080 1252 καρπώσῃ
1104 1167 1157 1250 τήν
1180 1165 1342 1249 ὠφέλειαν.
1381 1162 1414 1225 τὸ
1434 1165 1467 1226 δέ
1482 1186 1516 1246 γε

339 1286 371 1347 ἐν
394 1283 428 1347 δὲ
449 1291 493 1368 τῷ
511 1279 603 1369 τρίτῳ
629 1282 806 1368 περιέχεται
828 1307 879 1346 κε·
932 1285 1028 1369 παρὸν
1050 1281 1150 1370 τρίτον
1178 1284 1213 1346 δν
1238 1280 1357 1368 βιβλίον
1379 1281 1517 1365 περιέχει

297 1401 415 1488 φάλαια
438 1403 498 1488 μβ.
519 1407 639 1486 πρῶτον
664 1402 733 1485 περὶ
758 1401 878 1486 ἀρετῆς.
933 1407 1087 1488 κεφάλαια
1101 1403 1160 1487 μβ’;
1182 1406 1303 1486 πρῶτον
1315 1398 1384 1484 περὶ
1398 1401 1517 1484 ἀρετῆς,

296 1520 365 1585 Εἶτα
387 1518 455 1606 περὶ
472 1521 590 1592 κακίας·
619 1517 686 1605 περὶ
703 1522 878 1605 φρονήσεως
890 1535 920 1580 15
934 1519 1003 1586 εἶτα
1023 1522 1093 1606 περὶ
1114 1517 1232 1600 κακίας,
1256 1520 1326 1603 περὶ
1342 1520 1516 1604 φρονήσεως

296 1663 323 1706 c.
346 1664 377 1724 q.
401 1662 425 1705 S.
636 1659 638 1665 “
932 1641 984 1706 καὶ
1007 1641 1147 1725 καθεξῆς.

296 1793 434 1859 Oollatis
456 1812 532 1856 vero
556 1814 628 1856 cum
642 1792 848 1860 Bruxellensi
870 1799 915 1861 eis
939 1816 1021 1880 quae
1045 1815 1085 1858 ex
1099 1793 1211 1857 Photii
1230 1792 1394 1857 uberrima
1410 1792 1516 1872 operis

296 1913 512 1995 descriptione
551 1933 590 1976 ex
627 1914 762 1978 adverso
796 1916 902 1999 posui,
939 1919 1054 1998 sponte
1088 1912 1226 1995 adparet
1258 1932 1322 1976 non
1355 1910 1450 1974 modo
1483 1910 1517 1973 in

296 2029 430 2114 singulis
473 2029 605 2094 verbum
645 2053 748 2115 paene
788 2033 885 2097 uerbo
926 2032 1137 2116 respondere,
1183 2031 1241 2095 sed
1277 2030 1358 2094 nihil
1397 2028 1517 2093 habere

294 2147 549 2226 Bruxellensem,
573 2149 660 2230 quod
686 2172 751 2215 non
775 2172 814 2215 ex
835 2151 956 2217 Photio
985 2151 1111 2216 desumi
1137 2150 1290 2233 potuerit.
1334 2148 1422 2213 Nam
1444 2148 1517 2211 bre-

295 2268 440 2334 viuscula
463 2267 527 2331 duo
551 2269 718 2332 enuntiata
746 2290 829 2351 quae
859 2269 947 2353 apud
973 2268 1128 2333 Photium
1156 2289 1221 2334 non
1242 2269 1393 2350 leguntur
1416 2265 1435 2328 ἃ
1466 2265 1519 2329 καὶ

296 2385 474 2471 φιλομαθής
509 2387 550 2447 ών
582 2387 722 2470 ζητήσεις
757 2384 808 2450 καὶ
842 2389 990 2472 εὑρήσεις.
1041 2383 1092 2450 καί
1123 2411 1157 2471 χε
1189 2386 1310 2469 πολλήν
1341 2387 1376 2448 ἐκ
1404 2385 1518 2448 τοώτιυν

296 2506 444 2590 καρπώση
483 2501 536 2586 τήν
570 2504 722 2587 ὠφέλειαν
754 2527 814 2570 nec
845 2507 913 2588 ulla
940 2513 1015 2571 sunt
1042 2507 1210 2571 doctrinae
1242 2505 1349 2587 specie
1379 2505 1517 2584 insignia

295 2631 327 2688 et
355 2623 482 2688 omuino
510 2622 590 2686 talia
623 2644 706 2705 quae
740 2625 828 2689 nullo
860 2627 990 2711 negotio
1026 2624 1128 2707 quiuis
1161 2624 1201 2688 de
1233 2644 1290 2688 suo
1321 2623 1515 2686 interserere

265 2828 266 2832 Ἰ
293 2741 445 2826 potuerit.
490 2739 697 2825 Quamquam
718 2742 856 2808 fortasse
873 2744 1081 2808 memorabile
1106 2747 1164 2821 est,
1188 2741 1274 2824 quod
1288 2741 1322 2804 in
1337 2741 1383 2805 eis
1399 2739 1516 2824 quibus

293 2861 431 2925 Photius
459 2859 544 2924 infra
571 2860 673 2924 multo
701 2864 884 2927 accuratius
913 2864 953 2926 de
981 2863 1089 2944 operis
1110 2844 1253 2925 utilitate
1277 2861 1426 2942 exposuit
1446 2860 1515 2941 ipse

294 3001 420 3062 quoque
449 2978 641 3063 καρποῦσθαι
669 2979 767 3045 verbo
794 3001 871 3044 usus
896 2987 961 3046 est:
990 2981 1044 3043 οὐκ
1072 2981 1104 3043 ἐν
1131 2980 1240 3062 πολλῷ
1262 2980 1364 3063 χρόνῳ
1391 2980 1517 3041 πολλῶν
1596 3010 1602 3020 -

294 3095 345 3160 καὶ
369 3101 472 3161 καλῶν
486 3094 536 3160 καὶ
549 3094 696 3161 ποικίλων
719 3097 879 3181 νοημάτων
896 3101 922 3161 εί
942 3097 996 3162 καί
1010 3100 1214 3183 κεφαλαιώδη
1233 3099 1353 3181 μνήμην
1376 3098 1517 3179 καρπώ-

292 3239 427 3280 σονται.
465 3217 554 3300 Ergo
579 3238 781 3300 quocumque
805 3217 915 3281 oculos
940 3223 1109 3282 convertas
1131 3217 1375 3299 inscriptionem
1395 3216 1516 3279 codicis

292 3356 332 3398 ex
355 3334 473 3399 Photio
503 3336 682 3400 derivatam
710 3357 780 3400 esse
804 3337 919 3400 elucet.
963 3336 1004 3400 In
1026 3337 1138 3418 paucis
1161 3342 1269 3400 autem
1293 3356 1327 3400 se
1351 3335 1515 3400 continere
1602 3326 1608 3344 '

289 3453 391 3516 voluit
422 3460 600 3536 excerptor,
635 3454 722 3538 quod
753 3455 882 3520 titulum
917 3455 1059 3539 syllegae
1091 3454 1316 3539 praescribere
1345 3454 1379 3517 in
1408 3455 1516 3518 animo

289 3572 412 3650 habuit,
445 3594 509 3637 non
542 3573 721 3656 longiorem
753 3575 996 3656 expositionem.
1045 3572 1162 3658 Neque
1194 3574 1293 3656 igitur
1321 3573 1424 3650 video,
1458 3594 1516 3635 cur

290 3696 444 3772 excerpta
471 3691 553 3756 haec
576 3691 721 3775 quamvis
745 3691 841 3755 exilia
863 3692 905 3755 ab
928 3693 992 3756 alio
1015 3693 1123 3757 nescio
1147 3715 1210 3774 quo
1234 3691 1421 3774 posterioris
1445 3690 1515 3752 aevi

288 3807 411 3873 lectore
426 3830 487 3874 uec
503 3810 609 3893 potius
625 3808 666 3872 ab
683 3809 753 3890 ipso
770 3808 913 3891 syllegae
930 3810 1096 3874 conditore
1112 3811 1292 3893 praemissa
1308 3827 1378 3872 esse
1393 3806 1513 3870 iudice·

288 3947 368 4006 mus,
397 3933 455 3992 aut
483 3927 621 4010 denique
651 3947 708 3990 our
738 3931 918 3990 statuamus
945 3927 1109 3991 Photiana
1139 3927 1220 3990 hacc
1248 3927 1281 3990 in
1309 3925 1514 3989 Bruxellensi

289 4045 364 4109 olim
392 4045 546 4110 uberiora
569 4044 740 4109 exstitisse.
786 4042 871 4108 Nam
898 4053 935 4107 ut
959 4045 1031 4109 fieri
1053 4064 1131 4109 sane
1154 4045 1261 4128 potuit
1282 4051 1319 4108 ut
1342 4045 1440 4107 etiam
1462 4044 1513 4107 his

288 4169 469 4245 temporum
497 4163 636 4228 decursu
662 4159 796 4242 aliquod
824 4160 978 4227 damnum
1004 4161 1195 4242 inferretur,
1225 4164 1273 4227 ita
1303 4183 1344 4227 ne
1366 4161 1400 4225 in
1423 4162 1514 4226 initio

288 4280 402 4362 longus
432 4286 517 4345 esset
545 4283 729 4362 excerptor,
757 4279 858 4362 ipsius
885 4283 934 4346 rei
962 4281 1131 4347 consilium
1164 4280 1316 4364 titulique
1344 4281 1513 4364 angustiae

286 4399 530 4480 prohibuerunt.
