3570 5356
1436 491 1475 550 25

244 667 422 750 plicaretur
437 663 495 727 sed
511 663 653 728 omnium
668 684 780 727 eorum
795 664 825 727 vi
841 667 1013 731 coniuncta
1029 689 1112 751 quae
1128 688 1227 752 supra
1241 668 1274 732 in
1285 668 1474 734 memoriam

244 789 399 848 revocata
430 788 504 847 sunt
537 783 576 846 de
603 783 729 848 ratione
759 779 936 847 Stobaeum
970 785 1174 852 exscribendi
1202 809 1222 852 a
1251 787 1473 853 Laurentiano

246 901 402 981 adhibita.
441 901 593 984 Denique
616 905 653 964 ut
676 901 770 982 quasi
791 902 938 984 stirpitus
962 902 1052 967 dere
1070 905 1229 971 dubitatio
1246 906 1414 982 eximatur,
1438 903 1474 966 fit

247 1020 387 1084 Parisini
410 1025 443 1084 et
464 1018 702 1092 Escorialensis
724 1020 806 1083 111110
829 1021 918 1084 inre
942 1025 1024 1087 mira
1047 1043 1213 1089 consensu.
1260 1022 1350 1105 Quos
1373 1021 1474 1086 libros

247 1137 303 1201 ubi
326 1138 366 1202 de
381 1137 603 1202 Bruxeliensis
625 1137 676 1200 vel
700 1137 799 1201 etiam
814 1137 853 1200 de
869 1138 1084 1205 Laurentiani
1099 1143 1294 1207 auctoritate
1311 1144 1418 1224 agitur
1433 1161 1474 1204 ne

245 1258 543 1338 praetermittamus
566 1257 631 1320 iam
654 1275 751 1337 supra
773 1258 883 1320 monui
905 1258 1031 1322 ratione
1054 1261 1243 1342 praescribi.

332 1373 457 1457 Quodsi
483 1395 568 1438 nunc
597 1374 743 1438 codicem
770 1374 812 1452 A,
840 1397 1080 1459 nonnumquam
1110 1379 1207 1443 etiam
1236 1379 1274 1444 M
1301 1379 1335 1441 in
1362 1381 1472 1460 partes

245 1514 337 1572 voco,
376 1493 650 1576 praemonendum
688 1498 738 1557 661
773 1493 909 1557 16110016
946 1495 1144 1560 lineamenta
1183 1497 1343 1579 quaedam
1376 1494 1473 1558 hodie

244 1613 416 1676 ostendere
439 1613 518 1676 mihi
540 1613 573 1674 in
596 1615 703 1676 animo
727 1632 806 1690 esse,
835 1634 900 1677 non
924 1634 1111 1695 expressam
1131 1613 1180 1678 rei
1202 1615 1383 1697 imaginem.
1429 1611 1474 1676 Ut

246 1733 358 1812 paucis
391 1753 460 1802 1116,
477 1731 673 1809 contineam,
712 1731 892 1813 complures
931 1731 1070 1796 suadent
1097 1728 1221 1796 ¹causae
1255 1721 1473 1814 gravissimae.

184 1893 189 1898 -
246 1850 391 1914 Primum
425 1851 472 1913 616
504 1869 587 1931 quae
616 1848 712 1912 hodie
741 1849 781 1912 de
809 1849 1030 1914 Escorialensi
1062 1851 1324 1932 cognita.habeo
1353 1848 1474 1914 ordinis

246 1969 433 2049 eclogarum
466 1989 530 2030 non
557 1967 677 2061 ubique
704 1968 751 2030 ita
778 1967 862 2031 ratio
890 1967 1030 2032 habetur
1056 1974 1094 2032 ut
1119 1963 1179 2052 par
1206 1975 1263 2033 661.
1314 1968 1361 2032 Ut
1387 1967 1474 2032 haud

246 2108 321 2150 raro
359 2086 401 2150 ad
439 2086 542 2171 solum
573 2085 759 2149 Parisinum
791 2086 1039 2169 confugiendum
1071 2087 1121 2159 sil,
1158 2087 1213 2168 qui
1246 2088 1324 2152 licet
1355 2086 1472 2150 veteris

245 2204 367 2268 ordinis
392 2205 470 2267 satis
494 2210 592 2268 tenax
614 2205 665 2282 sit,
688 2210 797 2268 tamen
813 2204 869 2269 ubi
885 2205 1059 2269 desciverit
1073 2226 1093 2268 a
1110 2205 1269 2269 communi
1284 2205 1471 2269 recensione

242 2322 369 2386 facilius
392 2323 564 2388 diiudicari
585 2322 707 2405 poterit
727 2322 949 2386 Escorialensi
972 2323 1067 2388 simul
1089 2322 1245 2387 adhibito.
1291 2323 1471 2396 Praeterea
1505 2345 1509 2353 ’

243 2442 428 2524 eclogarum
462 2441 541 2505 ordo
571 2461 666 2522 quem
700 2441 860 2523 expressit
885 2440 1055 2505 Parisinus
1084 2461 1168 2506 nunc
1196 2441 1295 2504 ctiam
1322 2440 1471 2505 foliorum

243 2557 489 2626 traiectionibus
525 2558 614 2623 haud
650 2561 763 2642 paucis
799 2559 951 2623 turbatus
989 2566 1048 2624 661.
1105 2559 1200 2644 Quod
1233 2559 1470 2624 incommodum

243 2701 439 2762 quamquam
466 2679 629 2763 perspicio
657 2699 721 2760 qua
748 2679 873 2742 ratione
902 2678 1046 2761 expediri
1073 2682 1176 2763 possit
1203 2681 1253 2761 (of.
1277 2677 1470 2746 Gaislordus

240 2805 262 2862 t.
279 2799 331 2866 IV
354 2821 383 2880 p.
409 2803 469 2862 353
494 2820 540 2880 sq.
566 2798 614 2861 ed.
631 2796 745 2879 Lips.)‚
768 2804 877 2861 tamen
898 2801 1003 2863 maior
1026 2805 1075 2863 est
1098 2801 1245 2884 quaestio
1270 2819 1367 2882 quam
1387 2818 1470 2880 quae

240 2919 274 2980 in
295 2924 485 2982 transcursu
507 2914 703 2981 absolvatur.
740 2915 858 2998 Neque
878 2938 930 2980 res
946 2918 989 2980 ad
1004 2919 1192 2983 umbilicum
1207 2918 1325 2982 adduci
1340 2917 1469 2998 poterit,

239 3036 302 3100 nisi
330 3038 428 3100 etiam
454 3035 487 3099 iu
510 3033 790 3098 Trincavellianae
813 3034 869 3117 (T)
894 3036 1049 3118 originem
1076 3037 1261 3118 diligentius
1280 3035 1469 3117 inquisitum

239 3156 309 3220 erit.
355 3153 412 3220 Sic
440 3155 551 3237 paucis
583 3152 862 3217 observationibus
891 3153 1001 3237 eisque
1034 3176 1117 3238 quae
1146 3155 1188 3218 ad
1216 3153 1470 3218 confirmandam

240 3273 461 3338 Bruxelleusis
478 3273 707 3337 auctoritatem
723 3270 819 3335 hodie
836 3271 984 3336 sufficere
1000 3273 1178 3336 existimem
1188 3273 1250 3337 1100
1262 3295 1469 3357 programma

241 3391 399 3456 contineri
429 3390 510 3454 volo.
554 3389 607 3453 De
630 3390 849 3455 Eseorialensi
881 3398 991 3456 autem
1017 3392 1098 3454 nihil
1125 3414 1209 3455 nunc
1233 3394 1305 3457 dico
1328 3393 1390 3455 nisi
1412 3391 1468 3455 ubi

240 3511 280 3574 de
304 3508 417 3574 ordine
441 3509 626 3590 eclogarum
649 3509 769 3573 diserte
793 3509 916 3592 aliquid
940 3515 1107 3575 enotatum
1130 3510 1244 3575 habeo.
1282 3510 1339 3575 Ad
1354 3531 1468 3574 manus
1500 3561 1504 3570 .

239 3630 317 3693 mihi
346 3634 396 3693 661
426 3627 557 3692 00116110
584 3630 680 3712 primi
708 3628 877 3692 voluminis
906 3626 1129 3693 Gaisfordiani
1154 3651 1174 3694 a
1202 3630 1298 3694 docto
1328 3629 1468 3712 quodam

238 3749 365 3812 Batavo
389 3747 464 3810 olim
488 3748 521 3810 in
538 3745 578 3812 (1.
594 3747 757 3812 Dindorfii
778 3768 873 3811 usum
896 3748 1044 3811 confecta
1066 3748 1117 3826 (cf.
1135 3747 1176 3813 (1.
1192 3748 1338 3813 Dindorf
1349 3747 1467 3812 Philol.

238 3875 259 3931 t.
275 3865 386 3934 XVII
408 3889 439 3949 p.
463 3869 550 3952 337).
587 3865 730 3930 Parisini
751 3866 871 3931 bonam
894 3873 1022 3949 partem
1040 3868 1110 3950 ipse
1127 3867 1257 3949 contuli,
1280 3867 1375 3950 plura
1390 3868 1468 3931 mihi

236 3987 364 4067 paravit
386 3982 557 4066 Segotredi
580 3958 721 4051 Mekleri
744 3987 920 4067 diligentia.

320 4104 372 4168 Ne
416 4103 543 4186 longius
582 4105 897 4189 circumspiciamus,
941 4105 1110 4169 exordium
1146 4109 1277 4169 sumunt
1313 4111 1467 4188 excerpta

236 4220 463 4286 Bruxelleusis.
493 4223 514 4287 f.
544 4229 575 4287 lr
603 4224 645 4287 ab
675 4224 733 4288 601.
766 4229 790 4301 l,
827 4228 866 4286 29
897 4221 1084 4306 Πυθαγόρας
1114 4221 1174 4308 ἔφη
1203 4224 1273 4305 κτὲ.,
1303 4245 1386 4307 quae
1415 4244 1468 4288 cx·

235 4341 354 4424 cipitur
381 4339 487 4404 verbis
516 4341 712 4406 ἀνανεούσθω
737 4367 783 4406 001
805 4343 820 4405 ὁ
843 4340 914 4426 περὶ
937 4348 997 4404 τῶν
1021 4340 1148 4424 ἀγαθῶν
1171 4341 1260 4424 λόγος
1283 4340 1467 4425 καθημέραν

238 4462 358 4542 μᾶλλον
385 4459 404 4542 ἢ
429 4459 466 4525 τὰ
488 4457 576 4540 σιτία,
607 4463 681 4527 dein
703 4461 802 4527 161116
826 4461 1014 4542 adiungitur
1038 4466 1064 4540 1,
1093 4465 1131 4523 19
1157 4457 1306 4545 ἄγρυπνος
1330 4456 1380 4521 's'oo
1403 4459 1466 4522 11τὲ.
