3570 5356
1457 475 1488 569 5.

252 688 333 750 452:
365 686 479 769 ἐκλογὴ
511 687 546 748 ἐκ
569 692 624 769 τῆς
652 687 803 768 συλλογῆς
823 680 968 747 Ἰωάννου
993 680 1135 768 οτοβαίου
1159 683 1476 766 κτὲ,ν11111111111

253 825 337 886 quae
362 809 469 868 exstat
492 806 525 866 in
548 804 659 868 codice
678 803 842 870 Vaticano
866 805 927 866 1147
951 803 995 867 ad
1009 803 1129 868 librum
1150 800 1380 902 parallelorum
1403 823 1475 885 per-

252 923 366 986 tinens:
392 921 506 1005 ἐκλογὴ
531 922 686 1006 ὠφέλιμος
715 923 749 984 ἐκ
772 927 823 1004 τῆς
849 918 957 1004 βίβλου
980 928 1040 984 τῶν
1056 921 1292 1005 repellitur.
1315 918 1474 1002 Quaestio

252 1046 364 1104 autem
387 1042 530 1104 exoritur
551 1047 661 1104 utrum
682 1041 850 1122 inscriptio
874 1061 971 1122 quam
992 1042 1088 1104 modo
1111 1041 1271 1122 integram
1291 1037 1422 1102 exhibui
1437 1060 1476 1104 ex

250 1159 324 1239 ipsa
347 1158 536 1222 Stohaeana
566 1159 666 1223 totius
695 1159 801 1241 operis
830 1159 1033 1241 praefatione
1059 1157 1152 1222 nobis
1180 1156 1277 1222 hodie
1305 1156 1477 1239 deperdita

251 1275 383 1339 fluxerit
404 1282 517 1360 utpote
540 1277 640 1341 totius
663 1277 770 1360 operis
792 1276 952 1341 rationem
974 1276 1107 1356 habens,
1130 1249 1178 1340 an
1185 1277 1294 1359 potius
1310 1296 1350 1340 ex
1364 1275 1476 1340 Photii

251 1393 365 1458 codice
389 1393 560 1463 CLXVII
588 1417 727 1479 quocum
755 1396 945 1479 plerumque
973 1397 1150 1460 conveniat.
1194 1395 1280 1473 Hoc,
1307 1414 1372 1458 non
1394 1395 1475 1459 illud

252 1533 361 1576 verum
403 1535 473 1578 1111
511 1512 596 1577 infra
630 1513 771 1578 elucebit
802 1513 881 1596 ipsis
915 1516 1076 1596 excerptis
1109 1515 1294 1578 accuratius
1328 1514 1474 1596 cognitis

252 1629 324 1694 Iam
346 1632 445 1714 igitur
465 1633 494 1696 si
517 1631 643 1714 singula
664 1631 743 1696 licet
764 1633 925 1715 persequi,
948 1632 983 1695 id
999 1632 1085 1715 quod
1101 1633 1140 1696 de
1156 1633 1253 1696 tertio
1267 1632 1375 1715 operis
1390 1630 1474 1696 libro

253 1751 401 1830 promisit
417 1756 596 1833 excerptor,
612 1750 659 1814 ita
676 1750 819 1828 exsolvit,
829 1757 871 1814 ut
886 1751 979 1814 huius
995 1750 1071 1814 libri
1082 1752 1242 1834 excerptis
1256 1749 1369 1814 sibine
1382 1751 1475 1814 satis-

251 1867 367 1932 fecerit
389 1870 528 1951 quidem.
565 1868 653 1936 Nam
675 1874 848 1950 postquam
870 1869 890 1932 1.
911 1875 940 1933 1¹
955 1890 1057 1952 usque
1073 1865 1116 1934 ad
1133 1869 1154 1932 1,
1173 1874 1227 1934 51v
1242 1870 1328 1933 intra
1342 1869 1475 1933 tertium

250 1986 368 2050 librum
391 2009 424 2052 se
449 1987 615 2064 continuit,
637 1987 671 2049 in
694 1987 808 2050 eodem
829 1988 892 2052 hoc
913 1988 990 2052 folio
1013 1988 1056 2052 ad
1078 1994 1177 2070 caput
1192 1987 1475 2071 quadragesimum

249 2107 380 2170 tertium
402 2108 422 2170 i.
436 2128 462 2170 e.
485 2106 528 2170 ad
549 2105 667 2168 librum
691 2111 842 2188 quartum
856 2127 1046 2190 progressus
1063 2109 1163 2170 etiam
1179 2109 1321 2189 capitum
1336 2107 1474 2189 quadra-

251 2225 364 2305 gesimi
401 2225 499 2303 tertii,
533 2225 659 2307 quarti,
702 2225 814 2308 quinti,
856 2227 949 2304 sexti,
991 2225 1121 2308 septimi
1157 2231 1311 2309 excerpta
1346 2228 1474 2306 adiecit,

250 2363 447 2425 quamquam
469 2344 635 2425 inscriptio
658 2342 734 2407 libri
756 2345 873 2426 quarti,
896 2365 993 2427 quam
1017 2345 1263 2427 exspectaveris,
1291 2345 1388 2411 hodie
1411 2369 1475 2411 non

250 2460 377 2542 legitur.
426 2463 546 2527 Restat
578 2462 715 2545 denique
746 2484 785 2527 11
816 2467 1042 2544 excerptorum
1069 2463 1239 2545 particula,
1274 2485 1357 2546 quae
1390 2465 1474 2529 foliis

248 2581 406 2644 5926ssv
421 2580 612 2646 continetur.
646 2581 701 2646 Ibi
715 2587 847 2664 praeter
863 2583 1139 2665 exspectationem
1153 2581 1195 2646 ad
1211 2583 1344 2646 tertium
1357 2581 1476 2648 librum

248 2718 396 2762 reversus
429 2705 601 2783 excerptor
630 2722 656 2764 c.
687 2705 704 2762 3
736 2701 795 2764 ecl.
826 2705 865 2764 79
896 2706 929 2764 et
957 2705 998 2764 80
1026 2700 1190 2778 adnexuit,
1226 2723 1309 2784 quae
1337 2703 1475 2786 denique

251 2817 454 2899 excipiuntur
485 2817 715 2902 Xenophontis
749 2818 909 2883 nonnullis
939 2817 1148 2902 Musoniique
1180 2820 1261 2884 locis
1294 2843 1334 2885 ex
1369 2825 1475 2906 capite

249 2934 401 2999 vicesimo
450 2938 595 3018 septimo,
640 2937 899 3003 duodevicesimo
941 2937 1244 3020 undevicesimoque
1287 2939 1474 3024 desumptis.

252 3048 397 3131 Quorum
418 3055 563 3120 locorum
585 3057 734 3139 paucitas
757 3061 794 3120 ut
817 3055 893 3120 olim
915 3077 992 3121 sane
1009 3057 1280 3139 compensabatur
1295 3057 1372 3123 11111
1389 3059 1477 3141 quod

253 3171 375 3235 excidit
401 3179 475 3256 post
502 3175 522 3238 1.
553 3179 594 3238 64
620 3196 767 3239 necnon
790 3175 914 3239 duobus
938 3175 1018 3255 aliis,
1048 3196 1131 3257 quae
1153 3181 1228 3258 post
1250 3175 1303 3240 111.
1328 3181 1475 3242 66111111

251 3291 392 3372 abrupta
414 3298 497 3371 sunt,
520 3295 566 3357 ita
588 3293 708 3357 indicia
730 3315 794 3357 non
818 3293 931 3356 deesse
955 3292 1069 3357 credat
1084 3293 1243 3377 quispiam
1259 3294 1376 3377 quibus
1391 3295 1475 3362 hanc

251 3407 405 3474 minorem
423 3412 617 3492 particulam
634 3417 811 3476 extremam
827 3410 869 3483 ab
885 3411 950 3475 alio
962 3411 1100 3476 fortasse
1111 3417 1300 3494 excerptore
1313 3415 1476 3480 adiectam

252 3545 322 3590 esse
346 3528 528 3610 suspiceris.
566 3530 729 3594 Nimirum
747 3531 855 3612 capita
869 3527 1069 3593 inscribendi
1084 3551 1184 3610 genus
1200 3531 1286 3614 quod
1303 3534 1476 3600 adhibetur

251 3643 283 3707 in
305 3644 359 3712 fol.
383 3652 438 3711 59v
461 3670 531 3731 sqq.
553 3670 616 3712 non
640 3647 776 3713 concedi
797 3648 910 3730 nequit
930 3646 1097 3730 paululum
1120 3647 1249 3714 differre
1271 3651 1313 3714 ab
1335 3673 1373 3717 eo
1390 3653 1476 3735 quod

250 3762 282 3827 in
304 3766 612 3848 prioribusregnat.
648 3767 781 3850 Eclogis
805 3773 833 3845 3,
859 3771 896 3829 79
922 3771 955 3830 et
978 3772 1005 3846 3,
1030 3772 1070 3830 80
1087 3768 1202 3850 capitis
1217 3769 1330 3833 titulus
1347 3772 1476 3835 omnino

249 3903 314 3946 non
335 3885 534 3968 praefigitur,
558 3886 615 3950 sed
639 3881 818 3971 Δημητρίου
835 3885 1007 3969 Φαληρέως
1030 3889 1091 3948 τῶν
1113 3891 1186 3964 (τῶν
1208 3908 1270 3951 om.
1293 3889 1376 3969 cod.)
1400 3886 1478 3952 ἑπτὰ

249 3996 341 4076 (ἕπτα
370 4005 455 4091 cod.)
486 4012 588 4089 σοφῶν
616 4005 850 4091 ἀποφθέγματα,
879 4005 994 4070 deinde
1027 4003 1181 4087 ὑποθῆκαι
1203 4011 1263 4068 τῶν
1286 4007 1363 4068 ἑπτά
1386 4006 1478 4096 (doru

250 4120 343 4206 cod).
381 4123 611 4207 Xenophontis
634 4131 745 4189 autem
760 4123 968 4206 Musoniique
990 4124 1070 4187 locis
1091 4123 1208 4207 quibus
1232 4124 1361 4206 eclogas
1385 4125 1412 4203 3',
1437 4129 1475 4192 79

248 4243 282 4302 et
305 4244 334 4320 3,
364 4245 405 4306 80
428 4244 534 4325 excipi
555 4243 651 4308 modo
675 4244 750 4321 dixi,
772 4242 887 4307 titulus
910 4242 1062 4326 capitum,
1091 4243 1269 4326 exquibus
1293 4243 1478 4326 deprompti

250 4362 334 4438 sunt,
357 4362 579 4443 praemittitur
595 4384 682 4440 sane,
700 4361 758 4426 sed
773 4360 858 4425 huno
873 4361 907 4424 in
923 4361 1055 4425 modum
1070 4361 1110 4422 ἐκ
1126 4365 1189 4424 τοῦ
1205 4361 1275 4445 περὶ
1291 4361 1478 4445 ἐγκρατείας,

249 4474 365 4544 deinde
389 4480 429 4542 ἐκ
452 4484 512 4543 τοῦ
530 4481 600 4565 περὶ
616 4475 772 4567 ἀκρασίας,
795 4479 934 4562 denique
950 4480 990 4542 ἐκ
1006 4483 1069 4543 τοῦ
1085 4480 1154 4566 περὶ
1171 4475 1370 4560 ἀνεξικακίας,
1394 4499 1479 4563 quae
