3570 5356
408 653 458 718 Le
481 671 529 714 ms
552 649 711 715 renierme
740 649 921 732 §galement
944 651 1100 735 quelques
1123 657 1329 720 annotations
1352 657 1548 740 marginales

324 793 453 856 cupreo
475 770 642 854 (citaticns
671 769 710 833 de
732 768 862 847 Platon,
887 770 926 833 de
951 768 1082 851 Sextus,
1107 772 1147 836 de
1173 773 1331 857 Procope‚
1363 796 1434 840 vers
1456 777 1547 841 chre·

324 892 417 967 tiens,
441 890 555 982 glosas²
583 887 651 974 etc)
672 893 851 970 provenant
874 888 914 953 de
938 887 1123 954 differentes
1145 892 1257 969 mains,
1282 891 1364 956 mais
1388 894 1546 977 d’epcque

323 1013 466 1075 recente.

408 1126 457 1192 Le
480 1130 568 1190 texte
593 1125 637 1189 du
666 1121 786 1189 Stobee
809 1128 959 1206 presente
986 1147 1030 1188 un
1053 1127 1177 1190 certain
1199 1129 1333 1192 nombre
1357 1130 1397 1194 de
1420 1151 1547 1194 correc-

323 1248 418 1312 tions.
462 1244 507 1309 Je
529 1245 604 1308 n’en
628 1244 659 1306 ai
681 1263 739 1326 pas
764 1263 880 1308 encore
904 1242 1135 1307 suffisamment
1158 1245 1266 1310 etudie
1288 1247 1437 1330 l'origine
1461 1253 1494 1312 et
1514 1248 1549 1312 la

323 1365 450 1430 valeur:
483 1363 531 1426 les
559 1361 754 1425 indications
785 1384 807 1444 y
836 1361 1002 1444 relatives,
1023 1361 1102 1426 dans
1133 1363 1165 1426 la
1192 1364 1347 1428 collation
1380 1367 1548 1449 imprimee

323 1484 472 1549 auraient
493 1484 655 1564 peut-atre
677 1479 790 1544 besoin
813 1480 915 1543 d’etre
937 1479 1097 1545 rectifiaes
1121 1503 1161 1544 en
1184 1483 1340 1565 quelques
1363 1484 1491 1567 points'.

408 1599 597 1666 Accuratae
619 1597 695 1662 huic
718 1597 938 1679 descriptioni,
965 1620 1049 1681 quae
1076 1599 1175 1662 totius
1203 1600 1324 1664 codicis
1347 1602 1548 1666 miscellanei

324 1727 491 1786 externam
517 1717 622 1799 magis
649 1713 872 1779 condicionem
902 1721 978 1779 ante
1002 1717 1112 1779 oculos
1135 1725 1244 1799 ponat,
1269 1720 1333 1784 iam
1356 1720 1547 1802 explicatius

324 1862 363 1906 ea
378 1839 526 1904 subicere
541 1835 622 1900 libet
637 1854 721 1918 quae
736 1834 845 1898 valent
867 1834 910 1897 ad
930 1834 1030 1916 ipsius
1045 1838 1148 1916 partis
1166 1835 1371 1901 Stobaeanae
1387 1839 1547 1902 rationem

323 1955 559 2023 illustrandam.
604 1954 645 2019 In
672 1952 783 2036 primis
807 1956 916 2017 autem
938 1973 1133 2036 praemoneo
1157 1956 1326 2036 sexaginta
1348 1976 1404 2020 sex
1427 1957 1547 2020 codicis

322 2077 417 2156 foliis,
435 2075 550 2158 quibus
568 2068 755 2135 Stobaeana
771 2071 986 2149 continentur,
1009 2071 1177 2154 Florilegii
1198 2095 1227 2155 q.
1253 2074 1282 2137 d.
1307 2080 1451 2157 excerpta
1467 2075 1548 2154 dari,

323 2214 387 2260 non
402 2195 580 2274 ‘integram
606 2190 935 2272 quantulamcumque
965 2191 1072 2274 operis
1101 2191 1304 2272 particulam.
1356 2190 1440 2257 Sunt
1470 2214 1547 2257 sane

324 2335 407 2398 quae
447 2333 487 2376 ex
526 2306 732 2373 Bruxellensi
775 2307 827 2370 vel
868 2329 951 2380 nova
988 2308 1156 2387 accedant,
1195 2314 1306 2373 tamen
1350 2313 1548 2394 singulorum

324 2433 467 2516 capitum
494 2427 626 2510 eclogae
654 2425 736 2490 adeo
768 2445 831 2488 non
860 2426 1102 2506 exhauriuntur,
1129 2431 1166 2490 ut
1194 2428 1221 2490 si
1248 2450 1317 2492 rem
1340 2430 1383 2494 ad
1406 2429 1547 2493 calculos

322 2548 530 2628 revocaveris
551 2547 604 2609 vix
633 2544 763 2608 tertiam
791 2545 880 2607 tertii
903 2543 977 2607 libri
1002 2551 1129 2627 partem
1152 2546 1317 2623 excedant,
1344 2552 1432 2611 certe
1456 2548 1546 2611 dimi·

323 2671 410 2735 diam
443 2688 507 2730 non
541 2667 731 2746 exaequent.
776 2661 893 2744 Neque
928 2663 1027 2744 igitur
1059 2660 1121 2727 hoc
1155 2664 1285 2746 quidem
1318 2666 1446 2729 nomine
1475 2686 1548 2729 curu

323 2783 553 2870 integrioribus
583 2781 754 2864 Florilegii
781 2779 947 2844 codicibus
974 2786 1083 2863 potest
1110 2783 1296 2866 comparari.
1318 2783 1548 2864 Bruxelleusis‚

322 2927 383 2972 nec
407 2905 476 2968 sola
491 2901 696 2966 librariorum
711 2899 917 2982 neglegentia
934 2900 996 2962 erit
1010 2901 1198 2980 incusanda,
1219 2902 1276 2965 ubi
1292 2903 1332 2967 de
1349 2903 1547 2984 excerptoris

323 3025 430 3108 potius
447 3019 580 3086 consilio
597 3019 677 3104 (sive
693 3017 864 3082 arbitrium
878 3018 980 3082 mavis
997 3018 1117 3101 dicere)
1134 3021 1342 3102 cogitandum
1358 3027 1417 3086 est.
1451 3019 1546 3102 Quod

324 3142 491 3209 consilium
518 3139 566 3202 ita
591 3141 628 3200 ut
656 3137 758 3200 omnis
792 3133 953 3200 dubitatio
988 3138 1148 3203 eximatur
1175 3138 1245 3221 ipsc
1275 3139 1380 3220 aperit
1408 3139 1470 3202 hac
1499 3140 1548 3203 in·

323 3261 498 3345 scriptione
521 3256 642 3321 datas.
669 3257 709 3320 1¹:
730 3252 894 3337 Ἐκλογὴ
925 3252 1082 3318 ἀπὸτοῦ
1106 3252 1255 3341 βιβλίου
1284 3259 1336 3320 τοῦ
1365 3257 1546 3340 ποιηθέντος

320 3379 450 3462 Ἰωάννῃ
475 3370 667 3460 τῷΣτοβαίιρ
690 3374 827 3456 ἐκλογῶν
851 3371 1101 3457 ἀποφθεγμάτων
1124 3372 1175 3436 καὶ
1198 3374 1372 3458 ὑποθηκῶν.
1396 3373 1547 3459 εὑρίσκον-

323 3522 372 3561 ται
400 3499 434 3560 δὲ
464 3490 568 3581 βιβλία
596 3493 748 3576 τέσσαρα.’
774 3492 947 3576 προσφωνεῖ
981 3491 1014 3555 δὲ
1047 3497 1143 3555 ταῦτα
1173 3493 1246 3578 πρὸς
1281 3491 1443 3578 Σεπτίμιον
1471 3489 1549 3558 ἴδιον

323 3613 485 3679 υίόν.’ἔστι
508 3613 542 3676 δὲ
565 3611 663 3673 αὐτῶν
686 3610 719 3672 τὸ
749 3609 803 3692 μὲν
826 3617 946 3693 πρῶτον
970 3607 1089 3693 βιβλίον
1110 3613 1245 3697 φυσικόν,
1269 3617 1320 3676 τοῦ
1345 3611 1378 3675 δὲ
1403 3613 1547 3695 δευτέρου

323 3733 356 3798 τὸ
374 3734 428 3817 μέν
444 3757 471 3795 τι
489 3733 620 3815 λογικόν,
643 3729 676 3792 τὸ
701 3731 735 3793 δὲ
759 3727 864 3792 λοιπὸν
887 3725 939 3791 καί
963 3728 1108 3792 πλεῖστον
1122 3731 1240 3814 ἠθικόν.
1264 3730 1351 3794 dxci
1369 3729 1545 3817 φιλομαθὴς

324 3855 366 3915 ὢν
389 3852 528 3935 ζητήσεις
551 3847 603 3911 καὶ
632 3847 777 3932 εὑρήσεις.
807 3843 860 3909 καί
888 3871 922 3930 γε
951 3848 1071 3931 πολλὴν
1103 3849 1137 3911 ἐκ
1167 3850 1282 3913 τούτων
1311 3852 1460 3934 καρπώσῃ
1492 3847 1546 3931 τὴν

323 3965 544 4059 ὠφέλειανπτὸ
568 3966 650 4049 nep
675 3966 770 4050 παρὸν
792 3961 893 4050 τρίτον
920 3966 953 4027 ὂν
984 3962 1103 4050 βιβλίον
1133 3969 1271 4052 περιέχει
1301 3968 1458 4054 κεφάλαια
1480 3967 1539 4050 μβ·

321 4095 440 4174 πρῶτον
463 4083 531 4170 περὶ
556 4089 675 4170 ἀρετῆς,
703 4081 772 4146 εἶτα
794 4080 864 4168 περὶ
888 4081 1005 4165 κακίας,
1034 4085 1103 4169 περὶ
1127 4087 1302 4171 φρονήσεως
1328 4085 1380 4149 καὶ
1405 4086 1545 4168 καθεξῆς.

325 4207 417 4273 Nihil
444 4207 543 4288 igitur
569 4205 631 4268 nisi
659 4204 833 4288 epitomem
862 4203 941 4267 dare
967 4205 1157 4270 instituitis
1181 4206 1236 4289 qui
1258 4206 1378 4270 librum
1402 4205 1548 4270 condidit

324 4345 460 4408 eamque
486 4321 716 4388 Stobaeanam.
760 4321 971 4405 Inscriptioni
994 4322 1169 4387 consimilis
1192 4345 1219 4388 e.
1243 4344 1289 4405 gr.
1313 4344 1353 4389 ca
1375 4329 1426 4388 est
1449 4345 1547 4406 quam

322 4445 488 4509 Macarius
516 4440 794 4526 Chrysccephalus
822 4442 983 4522 excerptis
1013 4442 1078 4506 suis
1100 4442 1270 4525 praemisit
1291 4443 1324 4507 in
1347 4442 1417 4507 cod.
1439 4441 1544 4507 Marc.
