3570 5356
309 510 328 570 6

310 683 508 749 inscribendi
522 684 606 748 ratio
622 683 787 767 paululum
805 671 970 766 discrepat
985 704 1056 747 cum
1073 685 1238 766 superiore
1253 689 1356 768 parte,
1379 686 1435 750 ubi
1451 687 1539 751 solus

312 825 439 886 semper
450 803 564 867 titulus
575 802 704 883 legitur,
718 797 787 885 περὶ
801 799 989 895 ἐγκρατείας,
1005 797 1075 885 περὶ
1086 797 1242 885 ἀκρασίας,
1259 804 1374 884 ceteri3
1389 825 1453 868 uno
1465 806 1539 868 loco

312 927 448 1006 excepto
475 922 508 985 in
535 921 556 985 1.
580 926 621 1000 6¹,
651 921 708 984 ubi
738 921 822 984 inter
849 921 1021 986 frustulum
1048 922 1179 1002 eclogae
1209 926 1234 1001 1,
1265 925 1304 984 95
1332 927 1365 985 61
1392 917 1538 1004 eclogam

314 1047 340 1120 l,
375 1046 415 1105 96
450 1039 628 1104 collocatur
664 1039 778 1121 ecloga
817 1044 867 1118 23,
905 1045 941 1103 18
979 1039 1086 1103 verbis
1122 1039 1157 1100 ἐκ
1183 1043 1236 1101 τοῦ
1272 1035 1340 1122 περὶ
1375 1039 1538 1124 φιλαυτίας

311 1158 507 1243 praemissis.
551 1144 709 1223 Attamen
737 1157 787 1221 his
815 1158 942 1222 indiciis
970 1162 1006 1222 tu
1034 1163 1211 1223 commotus
1241 1179 1283 1222 ne
1306 1159 1357 1222 sis.
1401 1158 1488 1224 Nam
1510 1159 1539 1223 is

313 1279 368 1360 qui
389 1275 602 1360 posteriorem
624 1280 752 1359 partem
774 1277 944 1359 exscripsit
965 1275 1081 1358 prioris
1104 1280 1171 1338 tani
1193 1274 1365 1357 diligenter
1379 1276 1538 1340 rationem

312 1395 435 1474 habuit,
462 1400 499 1459 ut
521 1395 619 1460 semel
642 1399 768 1460 tantum
790 1396 887 1478 pauci
909 1414 1019 1476 versus
1043 1415 1082 1457 ex
1105 1393 1162 1460 eol.
1188 1400 1235 1472 17,
1260 1399 1299 1456 32
1324 1415 1354 1476 p.
1380 1399 1440 1460 283
1465 1411 1539 1455 1-6

312 1513 359 1578 M.
388 1513 421 1577 in
448 1513 586 1596 utraque
614 1513 708 1577 simul
736 1518 956 1597 compareant.
1000 1511 1040 1575 In
1067 1511 1215 1576 omnibus
1238 1512 1371 1596 reliquis
1394 1512 1474 1577 locis
1501 1549 1535 1560 -

313 1638 387 1696 sunt
414 1637 524 1696 autem
551 1632 683 1713 eelogae
715 1636 762 1710 17,
791 1636 840 1696 32.
869 1636 919 1695 33.
948 1635 1000 1694 44.
1028 1634 1079 1693 45.
1107 1635 1159 1693 43.
1193 1635 1241 1706 18,
1272 1635 1321 1694 38.
1355 1636 1402 1708 19,
1435 1637 1473 1695 16
1497 1668 1538 1679 -

312 1751 462 1815 extremis
493 1749 578 1814 foliis
605 1749 829 1814 tantummodo
857 1749 1048 1832 supplentur
1075 1769 1114 1812 ea
1138 1769 1220 1831 quae
1243 1751 1277 1814 iu
1299 1749 1460 1832 prioribus
1483 1771 1538 1813 ex·

313 1871 432 1952 oerptis
456 1869 574 1932 omissa
597 1874 698 1934 erant.
736 1869 783 1934 Ut
805 1889 868 1932 uno
889 1867 1036 1950 exemplo
1053 1867 1219 1950 defungar,
1243 1869 1275 1930 in
1292 1867 1312 1931 f.
1335 1871 1388 1930 38¹
1404 1867 1537 1950 eclogae

313 1992 361 2065 19,
399 1993 436 2051 16
470 1987 577 2049 media
609 1992 737 2050 tantum
769 1987 933 2068 particula
961 1990 1003 2070 (p.
1031 1991 1126 2070 304„
1160 1981 1291 2048 Φωκίων
1326 1988 1359 2049 δὲ
1383 2023 1420 2034 -
1446 2025 1472 2069 24
1503 1985 1537 2049 οὲ

312 2105 548 2189 ἀπολογεῖσθαι)
577 2110 691 2182 exstat,
722 2105 755 2167 iu
783 2105 803 2168 1.
833 2110 944 2170 66’-*
971 2104 1161 2187 supplentur
1201 2110 1233 2168 et
1262 2127 1300 2170 ea
1329 2126 1411 2188 quae
1443 2125 1537 2188 prae-¹

312 2225 432 2290 cedunt
468 2223 552 2288 hanc
596 2224 790 2306 particulam
835 2228 868 2286 et
910 2243 993 2304 quae
1035 2224 1248 2304 insequuntur
1286 2223 1380 2286 simul
1424 2223 1537 2288 addito

310 2344 462 2430 lemmate
487 2337 667 2425 μαυσωνίου,
691 2340 776 2423 quod
801 2341 922 2426 (neseio
946 2363 988 2404 an
1011 2341 1052 2405 ab
1075 2343 1146 2424 ipso
1170 2344 1375 2429 excerptore)
1397 2343 1431 2406 in
1447 2342 1467 2405 f.
1483 2347 1537 2406 38r

315 2463 469 2527 omissum
491 2466 550 2538 est,
573 2480 658 2524 nunc
680 2467 719 2523 nt
739 2479 842 2541 paene
864 2465 952 2524 totus
967 2457 1111 2523 Musonii
1133 2458 1225 2524 locus
1241 2462 1339 2526 etiam
1353 2464 1386 2524 in
1400 2460 1537 2524 Bruxel-

310 2581 392 2645 lensi
429 2580 558 2662 legatur
595 2579 737 2662 exceptis
774 2577 880 2642 verbis
917 2600 948 2661 p.
981 2582 1062 2661 305,
1096 2578 1181 2662 πόσῳ
1215 2577 1248 2641 δὲ
1281 2617 1324 2626 -
1357 2623 1382 2662 ,4
1418 2575 1548 2661 ἀγαθὸς

310 2695 396 2762 εἶναι.
441 2698 539 2763 Hanc
569 2703 678 2761 autem
708 2704 895 2762 accuratam
926 2695 1097 2780 supplendi
1123 2699 1282 2760 rationem
1307 2699 1408 2762 multo
1432 2697 1535 2779 magis

310 2820 340 2883 ei
363 2819 541 2894 convenire,
565 2838 660 2901 quern
682 2815 986 2900 praetermissarum
1008 2835 1106 2898 supra
1122 2816 1247 2899 aliquot
1261 2818 1404 2900 partium
1418 2821 1535 2899 postea

309 2935 507 3020 poenitebat,
548 2957 644 3018 quam
681 2935 737 2998 alii
773 2935 883 2999 nescio
920 2934 973 2997 cui
1009 2936 1193 3017 excerptori
1228 2937 1325 3019 pauci
1361 2935 1535 3016 negabunt.

310 3052 437 3136 Quodsi
468 3054 567 3136 igitur
599 3054 648 3116 his
684 3053 835 3117 extremis
866 3052 1035 3135 particulis
1069 3053 1109 3115 ἐκ
1143 3058 1206 3115 τοῦ
1242 3053 1310 3136 περὶ
1345 3049 1535 3122 ἀνεξικακίας

249 3259 252 3262 ¹
309 3175 416 3256 potius
444 3173 608 3255 inscripsit
633 3193 694 3236 nec
723 3173 803 3236 satis
825 3171 940 3235 habuit
963 3172 1106 3255 capitum
1128 3171 1239 3234 titulos
1263 3171 1452 3252 simpliciter
1475 3172 1535 3234 ite·

310 3311 410 3369 rasse,
439 3291 501 3355 hoc
531 3291 585 3354 ille
611 3291 816 3373 prospexisse
845 3291 1006 3372 putandus
1034 3292 1104 3369 erit,
1133 3310 1174 3352 ne
1204 3289 1274 3371 quis
1301 3289 1460 3352 lectorum
1485 3289 1536 3352 his

313 3410 465 3473 extremis
489 3409 649 3490 excerptis
672 3408 810 3473 sortasse
832 3427 988 3472 novorum
1010 3409 1134 3491 aliquot
1156 3408 1299 3490 capitum
1322 3407 1452 3488 eclogas
1475 3407 1537 3471 sibi

310 3526 418 3591 offerri
451 3527 645 3608 opinaretur.
694 3524 807 3593 Voluit
841 3526 998 3590 lectorem
1038 3526 1080 3590 ad
1113 3526 1224 3589 titulos
1256 3525 1322 3588 iam
1356 3546 1454 3607 supra
1482 3546 1536 3588 ex-

309 3646 448 3728 scriptos
475 3644 623 3727 relegari,
653 3649 690 3708 ut
713 3645 886 3726 adpareret
909 3646 942 3708 in
964 3645 1026 3708 hac
1051 3651 1195 3708 extrema
1217 3649 1312 3727 parte
1336 3643 1536 3709 solummodo

310 3765 350 3828 de
374 3762 545 3827 Addendis
574 3763 735 3827 nonnullis
763 3764 816 3845 agi
844 3763 1028 3845 eologisque
1056 3765 1189 3845 propria
1213 3784 1271 3827 sua
1294 3762 1370 3826 sede
1392 3761 1535 3826 remotis.

311 3880 406 3963 Quod
430 3889 537 3945 autem
561 3887 635 3945 ante
659 3880 787 3962 eclogas
810 3887 838 3960 3,
863 3886 901 3943 79
927 3886 960 3944 et
981 3886 1009 3959 3,
1032 3885 1082 3957 80,
1107 3881 1263 3964 aquibus
1287 3885 1431 3945 extrema
1452 3881 1534 3944 haec

309 3999 470 4082 particula
496 4000 619 4082 incipit,
652 3999 768 4082 capitis
799 3999 888 4062 tertii
915 3999 1028 4062 titulus
1056 4020 1141 4064 nunc
1166 4022 1231 4106 non
1258 4001 1384 4082 legitur,
1412 3999 1474 4065 hoc
1501 3999 1535 4062 in

308 4118 496 4202 apographo
523 4123 592 4182 tam
618 4118 743 4182 recenti
768 4137 831 4180 non
858 4116 1004 4199 profecto
1032 4119 1135 4200 magis
1159 4119 1341 4183 mirandum
1364 4123 1414 4182 est
1436 4139 1534 4200 quam

308 4236 395 4320 quod
426 4237 525 4300 etiam
555 4241 588 4301 in
623 4237 789 4319 superiore
823 4240 917 4318 parte
949 4235 1117 4318 inscriptio
1149 4237 1266 4320 capitis
1294 4237 1534 4320 quadragesimi

308 4357 415 4438 quarti
443 4376 463 4419 a
490 4356 631 4420 librariis
661 4356 780 4418 omissa
807 4358 865 4417 est.
911 4353 958 4418 Ut
984 4354 1068 4418 hanc
1097 4355 1173 4419 olim
1199 4355 1300 4419 fuisse
1327 4356 1446 4429 lectam
1475 4375 1535 4438 pro

308 4481 396 4539 certo
419 4479 528 4557 potest
550 4473 724 4551 adfirmari,
749 4473 794 4536 sio
817 4472 925 4536 neseio
949 4492 992 4534 an
1007 4473 1105 4536 etiam
1121 4470 1179 4538 illa
1193 4474 1291 4538 fuerit
1306 4469 1458 4556 adposita
1474 4474 1533 4538 sed
