<?xml version="1.0" encoding="UTF-8"?>
<!DOCTYPE html PUBLIC "-//W3C//DTD XHTML 1.0 Transitional//EN"
    "http://www.w3.org/TR/xhtml1/DTD/xhtml1-transitional.dtd">
<html xmlns="http://www.w3.org/1999/xhtml" xml:lang="en" lang="en">
 <head>
  <title>
</title>
<meta http-equiv="Content-Type" content="text/html;charset=utf-8" />
  <meta name='ocr-system' content='tesseract 3.04.00' />
  <meta name='ocr-capabilities' content='ocr_page ocr_carea ocr_par ocr_line ocrx_word'/>
</head>
<body>
  <div class='ocr_page' id='page_1' title='image "./destobaeifloril00hensgoog_0041.png"; bbox 0 0 3570 5356; ppageno 0'>
   <div class='ocr_carea' id='block_1_1' title="bbox 273 417 313 478">
    <p class='ocr_par' dir='ltr' id='par_1_1' title="bbox 273 417 313 478">
     <span class='ocr_line' id='line_1_1' title="bbox 273 417 313 478; baseline 0.1 -4"><span class='ocrx_word' id='word_1_1' title='bbox 273 417 313 478; x_wconf 80' lang='lat'>24</span> 
     </span>
    </p>
   </div>
   <div class='ocr_carea' id='block_1_2' title="bbox 271 593 1499 1156">
    <p class='ocr_par' dir='ltr' id='par_1_2' title="bbox 271 593 1499 1156">
     <span class='ocr_line' id='line_1_2' title="bbox 273 593 1496 682; baseline 0.005 -25"><span class='ocrx_word' id='word_1_2' title='bbox 273 593 388 658; x_wconf 80' lang='lat' dir='ltr'>cedere</span> <span class='ocrx_word' id='word_1_3' title='bbox 415 594 582 659; x_wconf 92' lang='lat' dir='ltr'>sciendum</span> <span class='ocrx_word' id='word_1_4' title='bbox 611 602 667 660; x_wconf 93' lang='lat' dir='ltr'>est.</span> <span class='ocrx_word' id='word_1_5' title='bbox 717 595 814 678; x_wconf 77' lang='lat' dir='ltr'>Quod</span> <span class='ocrx_word' id='word_1_6' title='bbox 843 617 917 662; x_wconf 91' lang='lat' dir='ltr'>vero</span> <span class='ocrx_word' id='word_1_7' title='bbox 941 598 1163 682; x_wconf 89' lang='lat' dir='ltr'>gravissimum</span> <span class='ocrx_word' id='word_1_8' title='bbox 1187 605 1244 678; x_wconf 88' lang='grc'><strong>601,</strong></span> <span class='ocrx_word' id='word_1_9' title='bbox 1272 601 1371 665; x_wconf 90' lang='lat' dir='ltr'>etiam</span> <span class='ocrx_word' id='word_1_10' title='bbox 1392 601 1426 666; x_wconf 90' lang='lat' dir='ltr'>in</span> <span class='ocrx_word' id='word_1_11' title='bbox 1449 601 1496 664; x_wconf 88' lang='lat' dir='ltr'>eis</span> 
     </span>
     <span class='ocr_line' id='line_1_3' title="bbox 273 711 1499 798; baseline 0.007 -24"><span class='ocrx_word' id='word_1_12' title='bbox 273 711 448 794; x_wconf 89' lang='lat' dir='ltr'>capitibus,</span> <span class='ocrx_word' id='word_1_13' title='bbox 483 734 619 795; x_wconf 91' lang='lat' dir='ltr'>quorum</span> <span class='ocrx_word' id='word_1_14' title='bbox 652 714 819 798; x_wconf 72' lang='lat' dir='ltr'>dispositio</span> <span class='ocrx_word' id='word_1_15' title='bbox 852 717 893 780; x_wconf 88' lang='lat' dir='ltr'>ab</span> <span class='ocrx_word' id='word_1_16' title='bbox 928 717 1023 782; x_wconf 86' lang='lat' dir='ltr'>editis</span> <span class='ocrx_word' id='word_1_17' title='bbox 1055 717 1182 782; x_wconf 89' lang='lat' dir='ltr'>diversa</span> <span class='ocrx_word' id='word_1_18' title='bbox 1213 723 1276 797; x_wconf 90' lang='lat' dir='ltr'>est,</span> <span class='ocrx_word' id='word_1_19' title='bbox 1309 719 1394 784; x_wconf 89' lang='lat' dir='ltr'>alter</span> <span class='ocrx_word' id='word_1_20' title='bbox 1425 740 1499 782; x_wconf 90' lang='lat' dir='ltr'>cum</span> 
     </span>
     <span class='ocr_line' id='line_1_4' title="bbox 272 829 1498 920; baseline 0.006 -27"><span class='ocrx_word' id='word_1_21' title='bbox 272 829 376 894; x_wconf 90' lang='lat' dir='ltr'>altero</span> <span class='ocrx_word' id='word_1_22' title='bbox 404 831 451 895; x_wconf 92' lang='lat' dir='ltr'>ita</span> <span class='ocrx_word' id='word_1_23' title='bbox 478 833 635 914; x_wconf 90' lang='lat' dir='ltr'>congruit,</span> <span class='ocrx_word' id='word_1_24' title='bbox 664 838 701 897; x_wconf 89' lang='lat' dir='ltr'>ut</span> <span class='ocrx_word' id='word_1_25' title='bbox 727 833 788 897; x_wconf 90' lang='lat' dir='ltr'>hoc</span> <span class='ocrx_word' id='word_1_26' title='bbox 819 855 882 898; x_wconf 93' lang='lat' dir='ltr'>nno</span> <span class='ocrx_word' id='word_1_27' title='bbox 911 841 1101 918; x_wconf 89' lang='lat' dir='ltr'>argumento</span> <span class='ocrx_word' id='word_1_28' title='bbox 1128 835 1163 900; x_wconf 90' lang='lat' dir='ltr'>id</span> <span class='ocrx_word' id='word_1_29' title='bbox 1189 838 1276 920; x_wconf 92' lang='lat' dir='ltr'>quod</span> <span class='ocrx_word' id='word_1_30' title='bbox 1306 859 1404 920; x_wconf 91' lang='lat' dir='ltr'>supra</span> <span class='ocrx_word' id='word_1_31' title='bbox 1432 837 1498 901; x_wconf 84' lang='lat' dir='ltr'>dixi</span> 
     </span>
     <span class='ocr_line' id='line_1_5' title="bbox 271 948 1497 1040; baseline 0.007 -28"><span class='ocrx_word' id='word_1_32' title='bbox 271 948 359 1014; x_wconf 90' lang='lat' dir='ltr'>haud</span> <span class='ocrx_word' id='word_1_33' title='bbox 382 950 531 1033; x_wconf 83' lang='lat' dir='ltr'>ambigue</span> <span class='ocrx_word' id='word_1_34' title='bbox 555 951 729 1017; x_wconf 77' lang='lat' dir='ltr'>evincatur.</span> <span class='ocrx_word' id='word_1_35' title='bbox 767 951 980 1018; x_wconf 88' lang='lat' dir='ltr'>Differentiae</span> <span class='ocrx_word' id='word_1_36' title='bbox 1003 954 1037 1018; x_wconf 92' lang='lat' dir='ltr'>in</span> <span class='ocrx_word' id='word_1_37' title='bbox 1060 954 1109 1018; x_wconf 90' lang='lat' dir='ltr'>his</span> <span class='ocrx_word' id='word_1_38' title='bbox 1124 954 1244 1019; x_wconf 89' lang='lat' dir='ltr'>tabulis</span> <span class='ocrx_word' id='word_1_39' title='bbox 1260 976 1363 1040; x_wconf 85' lang='lat' dir='ltr'>paene</span> <span class='ocrx_word' id='word_1_40' title='bbox 1379 955 1497 1020; x_wconf 90' lang='lat' dir='ltr'>nullae.</span> 
     </span>
     <span class='ocr_line' id='line_1_6' title="bbox 271 1046 1499 1156; baseline 0.005 -26"><span class='ocrx_word' id='word_1_41' title='bbox 271 1066 418 1132; x_wconf 85' lang='lat' dir='ltr'>Levioris</span> <span class='ocrx_word' id='word_1_42' title='bbox 451 1072 604 1135; x_wconf 86' lang='lat' dir='ltr'>momenti</span> <span class='ocrx_word' id='word_1_43' title='bbox 637 1077 687 1135; x_wconf 85' lang='lat' dir='ltr'>cst</span> <span class='ocrx_word' id='word_1_44' title='bbox 720 1071 806 1153; x_wconf 92' lang='lat' dir='ltr'>quod</span> <span class='ocrx_word' id='word_1_45' title='bbox 836 1073 950 1154; x_wconf 90' lang='lat' dir='ltr'>capitis</span> <span class='ocrx_word' id='word_1_46' title='bbox 979 1074 1063 1137; x_wconf 85' lang='lat' dir='ltr'>sexti</span> <span class='ocrx_word' id='word_1_47' title='bbox 1092 1046 1224 1156; x_wconf 89' lang='lat' dir='ltr'>eclogae</span> <span class='ocrx_word' id='word_1_48' title='bbox 1253 1079 1293 1138; x_wconf 84' lang='grc'>48</span> <span class='ocrx_word' id='word_1_49' title='bbox 1323 1079 1356 1138; x_wconf 89' lang='grc'>61</span> <span class='ocrx_word' id='word_1_50' title='bbox 1385 1079 1421 1136; x_wconf 95' lang='grc'>51</span> <span class='ocrx_word' id='word_1_51' title='bbox 1451 1074 1499 1137; x_wconf 90' lang='lat' dir='ltr'>in·</span> 
     </span>
    </p>
   </div>
   <div class='ocr_carea' id='block_1_3' title="bbox 272 1189 1499 1282">
    <p class='ocr_par' dir='ltr' id='par_1_3' title="bbox 272 1189 1499 1282">
     <span class='ocr_line' id='line_1_7' title="bbox 272 1189 1499 1282; baseline 0.006 -33"><span class='ocrx_word' id='word_1_52' title='bbox 272 1207 364 1252; x_wconf 89' lang='lat' dir='ltr'>verso</span> <span class='ocrx_word' id='word_1_53' title='bbox 398 1189 510 1258; x_wconf 84' lang='lat' dir='ltr'>ordine</span> <span class='ocrx_word' id='word_1_54' title='bbox 545 1210 580 1252; x_wconf 90' lang='grc'>06</span> <span class='ocrx_word' id='word_1_55' title='bbox 616 1190 788 1272; x_wconf 85' lang='lat' dir='ltr'>excipiunt.</span> <span class='ocrx_word' id='word_1_56' title='bbox 844 1190 1046 1282; x_wconf 77' lang='lat' dir='ltr'>Alterutrius</span> <span class='ocrx_word' id='word_1_57' title='bbox 1080 1193 1166 1256; x_wconf 89' lang='lat' dir='ltr'>enim</span> <span class='ocrx_word' id='word_1_58' title='bbox 1200 1193 1320 1258; x_wconf 88' lang='lat' dir='ltr'>codicis</span> <span class='ocrx_word' id='word_1_59' title='bbox 1356 1213 1499 1256; x_wconf 88' lang='lat' dir='ltr'>errorem</span> 
     </span>
    </p>
   </div>
   <div class='ocr_carea' id='block_1_4' title="bbox 271 1305 1613 1392">
    <p class='ocr_par' dir='ltr' id='par_1_4' title="bbox 271 1305 1613 1392">
     <span class='ocr_line' id='line_1_8' title="bbox 271 1305 1613 1392; baseline 0.004 -24"><span class='ocrx_word' id='word_1_60' title='bbox 271 1305 441 1384; x_wconf 89' lang='lat' dir='ltr'>adiuverit,</span> <span class='ocrx_word' id='word_1_61' title='bbox 466 1307 553 1389; x_wconf 93' lang='lat' dir='ltr'>quod</span> <span class='ocrx_word' id='word_1_62' title='bbox 577 1307 660 1372; x_wconf 87' lang='lat' dir='ltr'>duae</span> <span class='ocrx_word' id='word_1_63' title='bbox 684 1308 815 1392; x_wconf 89' lang='lat' dir='ltr'>eclogae</span> <span class='ocrx_word' id='word_1_64' title='bbox 838 1309 1066 1392; x_wconf 80' lang='lat' dir='ltr'>Pythagoreas</span> <span class='ocrx_word' id='word_1_65' title='bbox 1089 1312 1130 1375; x_wconf 92' lang='lat' dir='ltr'>ab</span> <span class='ocrx_word' id='word_1_66' title='bbox 1155 1311 1277 1375; x_wconf 90' lang='lat' dir='ltr'>eisdem</span> <span class='ocrx_word' id='word_1_67' title='bbox 1299 1312 1368 1376; x_wconf 82' lang='lat' dir='ltr'>fere</span> <span class='ocrx_word' id='word_1_68' title='bbox 1390 1311 1497 1374; x_wconf 90' lang='lat' dir='ltr'>verbis</span> <span class='ocrx_word' id='word_1_69' title='bbox 1608 1307 1613 1314; x_wconf 76' lang='grc'><strong><em>’</em></strong></span> 
     </span>
    </p>
   </div>
   <div class='ocr_carea' id='block_1_5' title="bbox 269 1425 1499 3899">
    <p class='ocr_par' dir='ltr' id='par_1_5' title="bbox 269 1425 1499 3899">
     <span class='ocr_line' id='line_1_9' title="bbox 271 1425 1498 1514; baseline 0.004 -27"><span class='ocrx_word' id='word_1_70' title='bbox 271 1425 438 1508; x_wconf 89' lang='lat' dir='ltr'>incipiunt,</span> <span class='ocrx_word' id='word_1_71' title='bbox 466 1427 507 1492; x_wconf 86' lang='lat' dir='ltr'>ab</span> <span class='ocrx_word' id='word_1_72' title='bbox 532 1425 746 1510; x_wconf 79' lang='grc' dir='ltr'>ἐλεύθερον</span> <span class='ocrx_word' id='word_1_73' title='bbox 770 1425 917 1490; x_wconf 80' lang='grc' dir='ltr'>ἀδύνατον</span> <span class='ocrx_word' id='word_1_74' title='bbox 940 1427 998 1493; x_wconf 87' lang='lat' dir='ltr'>ecl.</span> <span class='ocrx_word' id='word_1_75' title='bbox 1020 1434 1071 1507; x_wconf 79' lang='lat'>48,</span> <span class='ocrx_word' id='word_1_76' title='bbox 1102 1429 1143 1492; x_wconf 86' lang='lat' dir='ltr'>ab</span> <span class='ocrx_word' id='word_1_77' title='bbox 1168 1427 1267 1499; x_wconf 82' lang='grc' dir='ltr'>οὐδεὶς</span> <span class='ocrx_word' id='word_1_78' title='bbox 1290 1430 1498 1514; x_wconf 79' lang='grc' dir='ltr'>ἐλεύθερος</span> 
     </span>
     <span class='ocr_line' id='line_1_10' title="bbox 272 1543 1499 1632; baseline 0.003 -26"><span class='ocrx_word' id='word_1_79' title='bbox 272 1544 331 1608; x_wconf 91' lang='lat' dir='ltr'>eol.</span> <span class='ocrx_word' id='word_1_80' title='bbox 363 1549 412 1611; x_wconf 89' lang='lat'>51.</span> <span class='ocrx_word' id='word_1_81' title='bbox 455 1543 553 1610; x_wconf 86' lang='lat' dir='ltr'>Adde</span> <span class='ocrx_word' id='word_1_82' title='bbox 575 1547 669 1632; x_wconf 75' lang='lat' dir='ltr'>¹quod</span> <span class='ocrx_word' id='word_1_83' title='bbox 699 1547 802 1628; x_wconf 92' lang='lat' dir='ltr'>quinti</span> <span class='ocrx_word' id='word_1_84' title='bbox 831 1548 947 1630; x_wconf 90' lang='lat' dir='ltr'>capitis</span> <span class='ocrx_word' id='word_1_85' title='bbox 969 1569 1030 1629; x_wconf 91' lang='lat' dir='ltr'>par</span> <span class='ocrx_word' id='word_1_86' title='bbox 1053 1546 1239 1630; x_wconf 78' lang='lat' dir='ltr'>eclogarum</span> <span class='ocrx_word' id='word_1_87' title='bbox 1264 1554 1322 1612; x_wconf 95' lang='grc'>123</span> <span class='ocrx_word' id='word_1_88' title='bbox 1348 1554 1381 1612; x_wconf 93' lang='grc'>61</span> <span class='ocrx_word' id='word_1_89' title='bbox 1397 1553 1443 1612; x_wconf 76' lang='lat' dir='ltr'>vt</span> <span class='ocrx_word' id='word_1_90' title='bbox 1465 1548 1499 1611; x_wconf 92' lang='lat' dir='ltr'>in</span> 
     </span>
     <span class='ocr_line' id='line_1_11' title="bbox 271 1663 1497 1748; baseline 0.002 -22"><span class='ocrx_word' id='word_1_91' title='bbox 271 1663 372 1728; x_wconf 89' lang='lat' dir='ltr'>Brux.</span> <span class='ocrx_word' id='word_1_92' title='bbox 402 1665 561 1747; x_wconf 86' lang='lat' dir='ltr'>excipitur</span> <span class='ocrx_word' id='word_1_93' title='bbox 588 1665 696 1747; x_wconf 91' lang='lat' dir='ltr'>potius</span> <span class='ocrx_word' id='word_1_94' title='bbox 724 1665 845 1747; x_wconf 90' lang='lat' dir='ltr'>eclogis</span> <span class='ocrx_word' id='word_1_95' title='bbox 878 1671 937 1729; x_wconf 86' lang='lat'>130</span> <span class='ocrx_word' id='word_1_96' title='bbox 968 1670 1001 1730; x_wconf 93' lang='lat' dir='ltr'>et</span> <span class='ocrx_word' id='word_1_97' title='bbox 1031 1672 1100 1744; x_wconf 89' lang='grc'><strong>121,</strong></span> <span class='ocrx_word' id='word_1_98' title='bbox 1132 1688 1214 1748; x_wconf 92' lang='lat' dir='ltr'>quae</span> <span class='ocrx_word' id='word_1_99' title='bbox 1244 1689 1316 1731; x_wconf 91' lang='lat' dir='ltr'>cum</span> <span class='ocrx_word' id='word_1_100' title='bbox 1347 1666 1405 1730; x_wconf 93' lang='grc'><strong>661.</strong></span> <span class='ocrx_word' id='word_1_101' title='bbox 1438 1671 1497 1730; x_wconf 90' lang='grc'>135</span> 
     </span>
     <span class='ocr_line' id='line_1_12' title="bbox 271 1783 1496 1868; baseline 0.002 -23"><span class='ocrx_word' id='word_1_102' title='bbox 271 1783 472 1864; x_wconf 87' lang='lat' dir='ltr'>praecedant</span> <span class='ocrx_word' id='word_1_103' title='bbox 498 1783 532 1847; x_wconf 92' lang='lat' dir='ltr'>in</span> <span class='ocrx_word' id='word_1_104' title='bbox 552 1783 652 1848; x_wconf 90' lang='lat' dir='ltr'>Laur.</span> <span class='ocrx_word' id='word_1_105' title='bbox 675 1784 827 1867; x_wconf 89' lang='lat' dir='ltr'>Denique</span> <span class='ocrx_word' id='word_1_106' title='bbox 856 1785 1042 1868; x_wconf 87' lang='lat' dir='ltr'>discrepare</span> <span class='ocrx_word' id='word_1_107' title='bbox 1068 1785 1218 1849; x_wconf 88' lang='lat' dir='ltr'>videntur</span> <span class='ocrx_word' id='word_1_108' title='bbox 1245 1785 1278 1850; x_wconf 92' lang='lat' dir='ltr'>in</span> <span class='ocrx_word' id='word_1_109' title='bbox 1305 1785 1364 1849; x_wconf 92' lang='lat' dir='ltr'>col.</span> <span class='ocrx_word' id='word_1_110' title='bbox 1387 1788 1438 1862; x_wconf 87' lang='lat'>40,</span> <span class='ocrx_word' id='word_1_111' title='bbox 1468 1791 1496 1862; x_wconf 90' lang='grc'>2,</span> 
     </span>
     <span class='ocr_line' id='line_1_13' title="bbox 272 1901 1498 1985; baseline 0.003 -23"><span class='ocrx_word' id='word_1_112' title='bbox 272 1901 312 1964; x_wconf 92' lang='lat' dir='ltr'>de</span> <span class='ocrx_word' id='word_1_113' title='bbox 342 1923 405 1983; x_wconf 89' lang='lat' dir='ltr'>qua</span> <span class='ocrx_word' id='word_1_114' title='bbox 432 1901 516 1965; x_wconf 88' lang='lat' dir='ltr'>infra</span> <span class='ocrx_word' id='word_1_115' title='bbox 544 1923 650 1966; x_wconf 91' lang='lat' dir='ltr'>sermo</span> <span class='ocrx_word' id='word_1_116' title='bbox 679 1903 749 1968; x_wconf 88' lang='lat' dir='ltr'>crit.</span> <span class='ocrx_word' id='word_1_117' title='bbox 794 1902 873 1967; x_wconf 88' lang='lat' dir='ltr'>Alia</span> <span class='ocrx_word' id='word_1_118' title='bbox 901 1904 1017 1985; x_wconf 90' lang='lat' dir='ltr'>quibus</span> <span class='ocrx_word' id='word_1_119' title='bbox 1045 1904 1233 1968; x_wconf 89' lang='lat' dir='ltr'>discordant</span> <span class='ocrx_word' id='word_1_120' title='bbox 1259 1904 1344 1967; x_wconf 91' lang='lat' dir='ltr'>inter</span> <span class='ocrx_word' id='word_1_121' title='bbox 1372 1923 1407 1967; x_wconf 89' lang='lat' dir='ltr'>se</span> <span class='ocrx_word' id='word_1_122' title='bbox 1434 1924 1498 1966; x_wconf 89' lang='lat' dir='ltr'>non</span> 
     </span>
     <span class='ocr_line' id='line_1_14' title="bbox 272 2021 1497 2105; baseline 0.002 -23"><span class='ocrx_word' id='word_1_123' title='bbox 272 2021 427 2103; x_wconf 78' lang='lat' dir='ltr'>reperies,</span> <span class='ocrx_word' id='word_1_124' title='bbox 457 2021 554 2085; x_wconf 92' lang='lat' dir='ltr'>Duae</span> <span class='ocrx_word' id='word_1_125' title='bbox 570 2028 679 2086; x_wconf 89' lang='lat' dir='ltr'>autem</span> <span class='ocrx_word' id='word_1_126' title='bbox 694 2023 744 2086; x_wconf 91' lang='lat' dir='ltr'>vel</span> <span class='ocrx_word' id='word_1_127' title='bbox 760 2027 827 2086; x_wconf 83' lang='lat' dir='ltr'>tres</span> <span class='ocrx_word' id='word_1_128' title='bbox 843 2043 926 2105; x_wconf 85' lang='lat' dir='ltr'>quae</span> <span class='ocrx_word' id='word_1_129' title='bbox 942 2027 1017 2086; x_wconf 85' lang='lat' dir='ltr'>sunt</span> <span class='ocrx_word' id='word_1_130' title='bbox 1032 2024 1093 2086; x_wconf 87' lang='lat' dir='ltr'>etsi</span> <span class='ocrx_word' id='word_1_131' title='bbox 1107 2023 1244 2087; x_wconf 89' lang='lat' dir='ltr'>leviores</span> <span class='ocrx_word' id='word_1_132' title='bbox 1260 2021 1497 2104; x_wconf 84' lang='lat' dir='ltr'>discrepantiae</span> 
     </span>
     <span class='ocr_line' id='line_1_15' title="bbox 273 2138 1497 2224; baseline 0.003 -24"><span class='ocrx_word' id='word_1_133' title='bbox 273 2140 326 2201; x_wconf 85' lang='lat' dir='ltr'>vix</span> <span class='ocrx_word' id='word_1_134' title='bbox 357 2138 469 2204; x_wconf 89' lang='lat' dir='ltr'>dubito</span> <span class='ocrx_word' id='word_1_135' title='bbox 498 2140 574 2223; x_wconf 92' lang='lat' dir='ltr'>quin</span> <span class='ocrx_word' id='word_1_136' title='bbox 604 2145 694 2205; x_wconf 87' lang='lat' dir='ltr'>ortae</span> <span class='ocrx_word' id='word_1_137' title='bbox 724 2142 788 2204; x_wconf 89' lang='lat' dir='ltr'>sint</span> <span class='ocrx_word' id='word_1_138' title='bbox 810 2139 1032 2204; x_wconf 82' lang='lat' dir='ltr'>Bruxeliensis</span> <span class='ocrx_word' id='word_1_139' title='bbox 1058 2141 1272 2224; x_wconf 88' lang='lat' dir='ltr'>neglegentia.</span> <span class='ocrx_word' id='word_1_140' title='bbox 1315 2140 1403 2205; x_wconf 87' lang='lat' dir='ltr'>Nam</span> <span class='ocrx_word' id='word_1_141' title='bbox 1424 2140 1497 2205; x_wconf 92' lang='lat' dir='ltr'>loco</span> 
     </span>
     <span class='ocr_line' id='line_1_16' title="bbox 270 2257 1499 2342; baseline 0.002 -22"><span class='ocrx_word' id='word_1_142' title='bbox 270 2257 317 2320; x_wconf 92' lang='lat' dir='ltr'>illi</span> <span class='ocrx_word' id='word_1_143' title='bbox 346 2279 410 2341; x_wconf 91' lang='lat' dir='ltr'>quo</span> <span class='ocrx_word' id='word_1_144' title='bbox 438 2259 504 2322; x_wconf 88' lang='lat' dir='ltr'>iam</span> <span class='ocrx_word' id='word_1_145' title='bbox 533 2280 630 2342; x_wconf 89' lang='lat' dir='ltr'>supra</span> <span class='ocrx_word' id='word_1_146' title='bbox 652 2259 854 2324; x_wconf 89' lang='lat' dir='ltr'>intellectum</span> <span class='ocrx_word' id='word_1_147' title='bbox 877 2266 926 2323; x_wconf 91' lang='grc'>601</span> <span class='ocrx_word' id='word_1_148' title='bbox 948 2260 1194 2340; x_wconf 72' lang='lat' dir='ltr'>Bruxellensem</span> <span class='ocrx_word' id='word_1_149' title='bbox 1215 2280 1457 2342; x_wconf 89' lang='lat' dir='ltr'>nonnumquam</span> <span class='ocrx_word' id='word_1_150' title='bbox 1479 2279 1499 2322; x_wconf 88' lang='lat' dir='ltr'>a</span> 
     </span>
     <span class='ocr_line' id='line_1_17' title="bbox 271 2377 1497 2462; baseline 0.001 -21"><span class='ocrx_word' id='word_1_151' title='bbox 271 2378 408 2458; x_wconf 84' lang='lat' dir='ltr'>genuino</span> <span class='ocrx_word' id='word_1_152' title='bbox 443 2379 629 2460; x_wconf 84' lang='lat' dir='ltr'>eclogarum</span> <span class='ocrx_word' id='word_1_153' title='bbox 667 2378 779 2442; x_wconf 90' lang='lat' dir='ltr'>ordine</span> <span class='ocrx_word' id='word_1_154' title='bbox 819 2377 1000 2457; x_wconf 88' lang='lat' dir='ltr'>descivisse,</span> <span class='ocrx_word' id='word_1_155' title='bbox 1034 2377 1123 2443; x_wconf 90' lang='lat' dir='ltr'>aliud</span> <span class='ocrx_word' id='word_1_156' title='bbox 1161 2379 1343 2462; x_wconf 87' lang='lat' dir='ltr'>exemplum</span> <span class='ocrx_word' id='word_1_157' title='bbox 1377 2378 1497 2442; x_wconf 89' lang='lat' dir='ltr'>addere</span> 
     </span>
     <span class='ocr_line' id='line_1_18' title="bbox 270 2495 1496 2579; baseline 0.002 -21"><span class='ocrx_word' id='word_1_158' title='bbox 270 2495 349 2559; x_wconf 89' lang='grc'><strong>11661</strong></span> <span class='ocrx_word' id='word_1_159' title='bbox 370 2496 468 2578; x_wconf 92' lang='lat' dir='ltr'>idque</span> <span class='ocrx_word' id='word_1_160' title='bbox 492 2497 715 2560; x_wconf 85' lang='lat' dir='ltr'>certissimum.</span> <span class='ocrx_word' id='word_1_161' title='bbox 754 2497 795 2560; x_wconf 92' lang='lat' dir='ltr'>In</span> <span class='ocrx_word' id='word_1_162' title='bbox 818 2497 924 2578; x_wconf 89' lang='lat' dir='ltr'>capite</span> <span class='ocrx_word' id='word_1_163' title='bbox 948 2501 1061 2561; x_wconf 90' lang='lat' dir='ltr'>octavo</span> <span class='ocrx_word' id='word_1_164' title='bbox 1086 2497 1210 2579; x_wconf 90' lang='lat' dir='ltr'>eclogis</span> <span class='ocrx_word' id='word_1_165' title='bbox 1231 2503 1280 2561; x_wconf 83' lang='grc'>14.</span> <span class='ocrx_word' id='word_1_166' title='bbox 1307 2503 1353 2562; x_wconf 89' lang='lat'>15.</span> <span class='ocrx_word' id='word_1_167' title='bbox 1379 2497 1453 2562; x_wconf 89' lang='grc'><strong>161.</strong></span> <span class='ocrx_word' id='word_1_168' title='bbox 1469 2517 1496 2560; x_wconf 92' lang='grc'><strong>6.</strong></span> 
     </span>
     <span class='ocr_line' id='line_1_19' title="bbox 269 2598 1496 2698; baseline 0.001 -21"><span class='ocrx_word' id='word_1_169' title='bbox 269 2614 374 2678; x_wconf 89' lang='lat' dir='ltr'>tribus</span> <span class='ocrx_word' id='word_1_170' title='bbox 389 2635 506 2697; x_wconf 88' lang='lat' dir='ltr'>prosae</span> <span class='ocrx_word' id='word_1_171' title='bbox 523 2615 679 2679; x_wconf 88' lang='lat' dir='ltr'>orationis</span> <span class='ocrx_word' id='word_1_172' title='bbox 695 2598 825 2698; x_wconf 82' lang='lat' dir='ltr'>praeter</span> <span class='ocrx_word' id='word_1_173' title='bbox 841 2618 977 2685; x_wconf 86' lang='lat' dir='ltr'>aliorum</span> <span class='ocrx_word' id='word_1_174' title='bbox 993 2615 1142 2680; x_wconf 89' lang='lat' dir='ltr'>codicum</span> <span class='ocrx_word' id='word_1_175' title='bbox 1154 2615 1300 2681; x_wconf 91' lang='lat' dir='ltr'>ordinem</span> <span class='ocrx_word' id='word_1_176' title='bbox 1312 2614 1496 2680; x_wconf 86' lang='lat' dir='ltr'>adnectitur</span> 
     </span>
     <span class='ocr_line' id='line_1_20' title="bbox 270 2733 1495 2817; baseline 0.002 -21"><span class='ocrx_word' id='word_1_177' title='bbox 270 2733 329 2798; x_wconf 91' lang='lat' dir='ltr'>ecl.</span> <span class='ocrx_word' id='word_1_178' title='bbox 356 2739 393 2798; x_wconf 93' lang='grc'>13</span> <span class='ocrx_word' id='word_1_179' title='bbox 418 2737 473 2816; x_wconf 92' lang='lat' dir='ltr'>qui</span> <span class='ocrx_word' id='word_1_180' title='bbox 496 2740 570 2798; x_wconf 89' lang='lat' dir='ltr'>sunt</span> <span class='ocrx_word' id='word_1_181' title='bbox 591 2734 654 2798; x_wconf 93' lang='lat' dir='ltr'>duo</span> <span class='ocrx_word' id='word_1_182' title='bbox 668 2755 780 2799; x_wconf 90' lang='lat' dir='ltr'>versus</span> <span class='ocrx_word' id='word_1_183' title='bbox 795 2735 953 2800; x_wconf 86' lang='lat' dir='ltr'>Archelai</span> <span class='ocrx_word' id='word_1_184' title='bbox 968 2734 1175 2817; x_wconf 80' lang='lat' dir='ltr'>Euripideae.</span> <span class='ocrx_word' id='word_1_185' title='bbox 1214 2733 1281 2799; x_wconf 82' lang='lat' dir='ltr'>Sed</span> <span class='ocrx_word' id='word_1_186' title='bbox 1296 2755 1408 2798; x_wconf 86' lang='lat' dir='ltr'>verum</span> <span class='ocrx_word' id='word_1_187' title='bbox 1424 2755 1495 2798; x_wconf 89' lang='lat' dir='ltr'>esse</span> 
     </span>
     <span class='ocr_line' id='line_1_21' title="bbox 269 2851 1494 2939; baseline 0.002 -23"><span class='ocrx_word' id='word_1_188' title='bbox 269 2852 435 2936; x_wconf 89' lang='lat' dir='ltr'>vulgarem</span> <span class='ocrx_word' id='word_1_189' title='bbox 456 2853 604 2929; x_wconf 92' lang='lat' dir='ltr'>ordinem</span> <span class='ocrx_word' id='word_1_190' title='bbox 627 2874 700 2917; x_wconf 93' lang='lat' dir='ltr'>cum</span> <span class='ocrx_word' id='word_1_191' title='bbox 721 2853 756 2917; x_wconf 82' lang='lat' dir='ltr'><strong>A</strong></span> <span class='ocrx_word' id='word_1_192' title='bbox 776 2851 799 2917; x_wconf 82' lang='lat' dir='ltr'>S</span> <span class='ocrx_word' id='word_1_193' title='bbox 822 2852 979 2918; x_wconf 89' lang='lat' dir='ltr'>librorum</span> <span class='ocrx_word' id='word_1_194' title='bbox 1001 2874 1160 2917; x_wconf 90' lang='lat' dir='ltr'>consensu</span> <span class='ocrx_word' id='word_1_195' title='bbox 1183 2853 1332 2918; x_wconf 88' lang='lat' dir='ltr'>suboleat</span> <span class='ocrx_word' id='word_1_196' title='bbox 1354 2853 1410 2939; x_wconf 83' lang='lat'>(14</span> <span class='ocrx_word' id='word_1_197' title='bbox 1433 2874 1494 2918; x_wconf 91' lang='lat' dir='ltr'>om.</span> 
     </span>
     <span class='ocr_line' id='line_1_22' title="bbox 270 2969 1497 3058; baseline -0.001 -22"><span class='ocrx_word' id='word_1_198' title='bbox 270 2971 293 3035; x_wconf 78' lang='lat' dir='ltr'>S</span> <span class='ocrx_word' id='word_1_199' title='bbox 326 2973 368 3058; x_wconf 79' lang='grc' dir='ltr'>Τ)</span> <span class='ocrx_word' id='word_1_200' title='bbox 406 2978 476 3036; x_wconf 93' lang='lat' dir='ltr'>tum</span> <span class='ocrx_word' id='word_1_201' title='bbox 508 2972 717 3036; x_wconf 88' lang='lat' dir='ltr'>confirmatur</span> <span class='ocrx_word' id='word_1_202' title='bbox 749 2979 840 3036; x_wconf 87' lang='lat' dir='ltr'>certa</span> <span class='ocrx_word' id='word_1_203' title='bbox 873 2973 930 3037; x_wconf 89' lang='lat' dir='ltr'>illa</span> <span class='ocrx_word' id='word_1_204' title='bbox 964 2972 1188 3036; x_wconf 85' lang='lat' dir='ltr'>observatione</span> <span class='ocrx_word' id='word_1_205' title='bbox 1223 2993 1287 3054; x_wconf 92' lang='lat' dir='ltr'>qua</span> <span class='ocrx_word' id='word_1_206' title='bbox 1318 2969 1497 3036; x_wconf 83' lang='lat' dir='ltr'>Stobaeum</span> 
     </span>
     <span class='ocr_line' id='line_1_23' title="bbox 269 3089 1497 3175; baseline -0.001 -21"><span class='ocrx_word' id='word_1_207' title='bbox 269 3097 440 3174; x_wconf 87' lang='lat' dir='ltr'>poetarum</span> <span class='ocrx_word' id='word_1_208' title='bbox 478 3092 567 3156; x_wconf 93' lang='lat' dir='ltr'>locos</span> <span class='ocrx_word' id='word_1_209' title='bbox 604 3110 732 3175; x_wconf 90' lang='lat' dir='ltr'>semper</span> <span class='ocrx_word' id='word_1_210' title='bbox 767 3091 801 3155; x_wconf 94' lang='lat' dir='ltr'>in</span> <span class='ocrx_word' id='word_1_211' title='bbox 839 3094 981 3175; x_wconf 91' lang='lat' dir='ltr'>capitum</span> <span class='ocrx_word' id='word_1_212' title='bbox 1017 3091 1118 3154; x_wconf 88' lang='lat' dir='ltr'>initiis</span> <span class='ocrx_word' id='word_1_213' title='bbox 1156 3089 1332 3155; x_wconf 90' lang='lat' dir='ltr'>collocasse</span> <span class='ocrx_word' id='word_1_214' title='bbox 1370 3091 1497 3155; x_wconf 86' lang='lat' dir='ltr'>scimus.</span> 
     </span>
     <span class='ocr_line' id='line_1_24' title="bbox 271 3209 1496 3294; baseline -0.002 -20"><span class='ocrx_word' id='word_1_215' title='bbox 271 3209 450 3275; x_wconf 75' lang='lat' dir='ltr'>Conficitur</span> <span class='ocrx_word' id='word_1_216' title='bbox 471 3231 547 3275; x_wconf 91' lang='lat' dir='ltr'>vero</span> <span class='ocrx_word' id='word_1_217' title='bbox 570 3230 622 3274; x_wconf 93' lang='grc'>160</span> <span class='ocrx_word' id='word_1_218' title='bbox 644 3231 692 3292; x_wconf 89' lang='grc'>60,</span> <span class='ocrx_word' id='word_1_219' title='bbox 716 3211 803 3294; x_wconf 89' lang='lat' dir='ltr'>quod</span> <span class='ocrx_word' id='word_1_220' title='bbox 820 3211 1005 3292; x_wconf 85' lang='lat' dir='ltr'>eclogarum</span> <span class='ocrx_word' id='word_1_221' title='bbox 1019 3211 1081 3291; x_wconf 84' lang='lat' dir='ltr'>par</span> <span class='ocrx_word' id='word_1_222' title='bbox 1104 3214 1132 3287; x_wconf 90' lang='grc'>5,</span> <span class='ocrx_word' id='word_1_223' title='bbox 1158 3212 1217 3272; x_wconf 87' lang='grc'>123</span> <span class='ocrx_word' id='word_1_224' title='bbox 1241 3213 1274 3272; x_wconf 90' lang='grc'>61</span> <span class='ocrx_word' id='word_1_225' title='bbox 1298 3213 1338 3273; x_wconf 84' lang='grc'>74</span> <span class='ocrx_word' id='word_1_226' title='bbox 1361 3209 1496 3273; x_wconf 91' lang='lat' dir='ltr'>eandem</span> 
     </span>
     <span class='ocr_line' id='line_1_25' title="bbox 271 3327 1497 3412; baseline -0.002 -19"><span class='ocrx_word' id='word_1_227' title='bbox 271 3337 369 3412; x_wconf 87' lang='lat' dir='ltr'>atque</span> <span class='ocrx_word' id='word_1_228' title='bbox 391 3329 425 3393; x_wconf 92' lang='lat' dir='ltr'>in</span> <span class='ocrx_word' id='word_1_229' title='bbox 446 3329 667 3394; x_wconf 89' lang='lat' dir='ltr'>Laurentiano</span> <span class='ocrx_word' id='word_1_230' title='bbox 691 3329 801 3393; x_wconf 87' lang='lat' dir='ltr'>sedem</span> <span class='ocrx_word' id='word_1_231' title='bbox 824 3331 924 3393; x_wconf 91' lang='lat' dir='ltr'>etiam</span> <span class='ocrx_word' id='word_1_232' title='bbox 944 3329 978 3392; x_wconf 92' lang='lat' dir='ltr'>in</span> <span class='ocrx_word' id='word_1_233' title='bbox 1000 3327 1151 3392; x_wconf 89' lang='lat' dir='ltr'>Parisino</span> <span class='ocrx_word' id='word_1_234' title='bbox 1175 3327 1285 3391; x_wconf 89' lang='lat' dir='ltr'>habet.</span> <span class='ocrx_word' id='word_1_235' title='bbox 1329 3327 1378 3392; x_wconf 90' lang='lat' dir='ltr'>Ut</span> <span class='ocrx_word' id='word_1_236' title='bbox 1398 3328 1497 3408; x_wconf 90' lang='lat' dir='ltr'>igitur</span> 
     </span>
     <span class='ocr_line' id='line_1_26' title="bbox 270 3445 1498 3528; baseline -0.002 -17"><span class='ocrx_word' id='word_1_237' title='bbox 270 3447 448 3511; x_wconf 91' lang='lat' dir='ltr'>cavendum</span> <span class='ocrx_word' id='word_1_238' title='bbox 471 3454 522 3512; x_wconf 90' lang='lat' dir='ltr'>est</span> <span class='ocrx_word' id='word_1_239' title='bbox 543 3469 584 3511; x_wconf 91' lang='lat' dir='ltr'>ne</span> <span class='ocrx_word' id='word_1_240' title='bbox 606 3448 640 3511; x_wconf 92' lang='lat' dir='ltr'>in</span> <span class='ocrx_word' id='word_1_241' title='bbox 658 3447 905 3511; x_wconf 86' lang='lat' dir='ltr'>Bruxellensem</span> <span class='ocrx_word' id='word_1_242' title='bbox 928 3447 1046 3512; x_wconf 90' lang='lat' dir='ltr'>cadere</span> <span class='ocrx_word' id='word_1_243' title='bbox 1068 3467 1222 3528; x_wconf 82' lang='lat' dir='ltr'>negemus</span> <span class='ocrx_word' id='word_1_244' title='bbox 1246 3445 1333 3528; x_wconf 92' lang='lat' dir='ltr'>quod</span> <span class='ocrx_word' id='word_1_245' title='bbox 1357 3447 1498 3509; x_wconf 92' lang='lat' dir='ltr'>omnium</span> 
     </span>
     <span class='ocr_line' id='line_1_27' title="bbox 270 3564 1497 3649; baseline -0.002 -19"><span class='ocrx_word' id='word_1_246' title='bbox 270 3564 406 3631; x_wconf 81' lang='lat' dir='ltr'>Stobaei</span> <span class='ocrx_word' id='word_1_247' title='bbox 435 3566 583 3630; x_wconf 90' lang='lat' dir='ltr'>codicum</span> <span class='ocrx_word' id='word_1_248' title='bbox 611 3567 683 3649; x_wconf 90' lang='lat' dir='ltr'>plns</span> <span class='ocrx_word' id='word_1_249' title='bbox 712 3568 817 3631; x_wconf 92' lang='lat' dir='ltr'>minus</span> <span class='ocrx_word' id='word_1_250' title='bbox 847 3587 1015 3631; x_wconf 91' lang='lat' dir='ltr'>commuue</span> <span class='ocrx_word' id='word_1_251' title='bbox 1045 3570 1103 3645; x_wconf 90' lang='lat' dir='ltr'>cst,</span> <span class='ocrx_word' id='word_1_252' title='bbox 1131 3568 1178 3630; x_wconf 90' lang='lat' dir='ltr'>ita</span> <span class='ocrx_word' id='word_1_253' title='bbox 1206 3565 1331 3630; x_wconf 89' lang='lat' dir='ltr'>duobus</span> <span class='ocrx_word' id='word_1_254' title='bbox 1355 3564 1497 3628; x_wconf 88' lang='lat' dir='ltr'>tribusve</span> 
     </span>
     <span class='ocr_line' id='line_1_28' title="bbox 269 3684 1498 3766; baseline 0 -18"><span class='ocrx_word' id='word_1_255' title='bbox 269 3686 349 3750; x_wconf 91' lang='lat' dir='ltr'>locis</span> <span class='ocrx_word' id='word_1_256' title='bbox 376 3686 433 3751; x_wconf 91' lang='lat' dir='ltr'>ubi</span> <span class='ocrx_word' id='word_1_257' title='bbox 463 3707 483 3749; x_wconf 95' lang='lat' dir='ltr'>a</span> <span class='ocrx_word' id='word_1_258' title='bbox 510 3691 619 3753; x_wconf 89' lang='lat' dir='ltr'>vetere</span> <span class='ocrx_word' id='word_1_259' title='bbox 648 3685 760 3750; x_wconf 90' lang='lat' dir='ltr'>ordine</span> <span class='ocrx_word' id='word_1_260' title='bbox 787 3686 961 3749; x_wconf 87' lang='lat' dir='ltr'>recessisse</span> <span class='ocrx_word' id='word_1_261' title='bbox 991 3684 1111 3750; x_wconf 91' lang='lat' dir='ltr'>tabulis</span> <span class='ocrx_word' id='word_1_262' title='bbox 1141 3688 1348 3763; x_wconf 86' lang='lat' dir='ltr'>convincitur,</span> <span class='ocrx_word' id='word_1_263' title='bbox 1380 3705 1498 3766; x_wconf 90' lang='lat' dir='ltr'>cogna-</span> 
     </span>
     <span class='ocr_line' id='line_1_29' title="bbox 270 3802 1497 3899; baseline -0.003 -31"><span class='ocrx_word' id='word_1_264' title='bbox 270 3807 366 3870; x_wconf 86' lang='lat' dir='ltr'>tionis</span> <span class='ocrx_word' id='word_1_265' title='bbox 389 3806 550 3870; x_wconf 91' lang='lat' dir='ltr'>vinoulum</span> <span class='ocrx_word' id='word_1_266' title='bbox 573 3827 636 3888; x_wconf 92' lang='lat' dir='ltr'>quo</span> <span class='ocrx_word' id='word_1_267' title='bbox 659 3805 759 3868; x_wconf 90' lang='lat' dir='ltr'>Brux.</span> <span class='ocrx_word' id='word_1_268' title='bbox 784 3811 817 3868; x_wconf 91' lang='lat' dir='ltr'>et</span> <span class='ocrx_word' id='word_1_269' title='bbox 838 3802 937 3869; x_wconf 90' lang='lat' dir='ltr'>Laur.</span> <span class='ocrx_word' id='word_1_270' title='bbox 960 3805 1102 3868; x_wconf 89' lang='grc'><strong>11116106</strong></span> <span class='ocrx_word' id='word_1_271' title='bbox 1127 3805 1332 3899; x_wconf 76' lang='lat' dir='ltr'>continentur</span> <span class='ocrx_word' id='word_1_272' title='bbox 1356 3802 1497 3866; x_wconf 87' lang='lat' dir='ltr'>relaxari</span> 
     </span>
    </p>
   </div>
   <div class='ocr_carea' id='block_1_6' title="bbox 173 3921 1496 4007">
    <p class='ocr_par' dir='ltr' id='par_1_6' title="bbox 173 3921 1496 4007">
     <span class='ocr_line' id='line_1_30' title="bbox 173 3921 1496 4007; baseline -0.004 -18"><span class='ocrx_word' id='word_1_273' title='bbox 173 3997 179 4007; x_wconf 20' lang='lat' dir='ltr'>g</span> <span class='ocrx_word' id='word_1_274' title='bbox 269 3927 391 4007; x_wconf 89' lang='lat' dir='ltr'>nequit.</span> <span class='ocrx_word' id='word_1_275' title='bbox 437 3921 543 4005; x_wconf 75' lang='lat' dir='ltr'>Quam</span> <span class='ocrx_word' id='word_1_276' title='bbox 567 3924 792 4005; x_wconf 82' lang='lat' dir='ltr'>cognationem</span> <span class='ocrx_word' id='word_1_277' title='bbox 814 3944 879 3987; x_wconf 89' lang='lat' dir='ltr'>non</span> <span class='ocrx_word' id='word_1_278' title='bbox 903 3922 1078 3986; x_wconf 87' lang='lat' dir='ltr'>verendum</span> <span class='ocrx_word' id='word_1_279' title='bbox 1101 3926 1151 3986; x_wconf 90' lang='lat' dir='ltr'>cst</span> <span class='ocrx_word' id='word_1_280' title='bbox 1172 3943 1211 3985; x_wconf 90' lang='lat' dir='ltr'>ne</span> <span class='ocrx_word' id='word_1_281' title='bbox 1236 3921 1306 4004; x_wconf 93' lang='lat' dir='ltr'>quis</span> <span class='ocrx_word' id='word_1_282' title='bbox 1329 3923 1376 3985; x_wconf 91' lang='lat' dir='ltr'>ita</span> <span class='ocrx_word' id='word_1_283' title='bbox 1397 3921 1496 3985; x_wconf 91' lang='lat' dir='ltr'>inter·</span> 
     </span>
    </p>
   </div>
   <div class='ocr_carea' id='block_1_7' title="bbox 269 4039 1498 4480">
    <p class='ocr_par' dir='ltr' id='par_1_7' title="bbox 269 4039 1498 4480">
     <span class='ocr_line' id='line_1_31' title="bbox 270 4039 1497 4127; baseline -0.005 -19"><span class='ocrx_word' id='word_1_284' title='bbox 270 4049 425 4127; x_wconf 85' lang='lat' dir='ltr'>pretatur,</span> <span class='ocrx_word' id='word_1_285' title='bbox 449 4043 541 4126; x_wconf 89' lang='lat' dir='ltr'>quasi</span> <span class='ocrx_word' id='word_1_286' title='bbox 564 4043 720 4125; x_wconf 88' lang='lat' dir='ltr'>singulari</span> <span class='ocrx_word' id='word_1_287' title='bbox 743 4041 930 4123; x_wconf 91' lang='lat' dir='ltr'>eclogarum</span> <span class='ocrx_word' id='word_1_288' title='bbox 953 4040 1033 4106; x_wconf 92' lang='lat' dir='ltr'>ordo</span> <span class='ocrx_word' id='word_1_289' title='bbox 1055 4043 1088 4104; x_wconf 90' lang='lat' dir='ltr'>in</span> <span class='ocrx_word' id='word_1_290' title='bbox 1112 4061 1175 4124; x_wconf 92' lang='lat' dir='ltr'>quo</span> <span class='ocrx_word' id='word_1_291' title='bbox 1197 4039 1293 4104; x_wconf 90' lang='lat' dir='ltr'>ambo</span> <span class='ocrx_word' id='word_1_292' title='bbox 1309 4041 1497 4122; x_wconf 89' lang='lat' dir='ltr'>conspirant</span> 
     </span>
     <span class='ocr_line' id='line_1_32' title="bbox 270 4159 1498 4245; baseline -0.004 -18"><span class='ocrx_word' id='word_1_293' title='bbox 270 4182 334 4227; x_wconf 93' lang='lat' dir='ltr'>non</span> <span class='ocrx_word' id='word_1_294' title='bbox 357 4183 397 4226; x_wconf 89' lang='lat' dir='ltr'>ex</span> <span class='ocrx_word' id='word_1_295' title='bbox 418 4162 501 4225; x_wconf 90' lang='lat' dir='ltr'>libro</span> <span class='ocrx_word' id='word_1_296' title='bbox 525 4161 666 4245; x_wconf 88' lang='lat' dir='ltr'>quodam</span> <span class='ocrx_word' id='word_1_297' title='bbox 682 4159 869 4225; x_wconf 81' lang='lat' dir='ltr'>Stobacano</span> <span class='ocrx_word' id='word_1_298' title='bbox 893 4159 1024 4224; x_wconf 90' lang='lat' dir='ltr'>fluxerit</span> <span class='ocrx_word' id='word_1_299' title='bbox 1040 4159 1098 4224; x_wconf 89' lang='lat' dir='ltr'>sed</span> <span class='ocrx_word' id='word_1_300' title='bbox 1112 4159 1139 4224; x_wconf 92' lang='lat' dir='ltr'>is</span> <span class='ocrx_word' id='word_1_301' title='bbox 1156 4161 1199 4223; x_wconf 90' lang='lat' dir='ltr'>sit</span> <span class='ocrx_word' id='word_1_302' title='bbox 1213 4180 1310 4242; x_wconf 87' lang='lat' dir='ltr'>quem</span> <span class='ocrx_word' id='word_1_303' title='bbox 1325 4165 1498 4241; x_wconf 89' lang='lat' dir='ltr'>excerptor</span> 
     </span>
     <span class='ocr_line' id='line_1_33' title="bbox 269 4271 1497 4363; baseline -0.004 -18"><span class='ocrx_word' id='word_1_304' title='bbox 269 4281 378 4346; x_wconf 89' lang='lat' dir='ltr'>nescio</span> <span class='ocrx_word' id='word_1_305' title='bbox 402 4281 473 4363; x_wconf 90' lang='lat' dir='ltr'>quis</span> <span class='ocrx_word' id='word_1_306' title='bbox 496 4281 717 4346; x_wconf 83' lang='lat' dir='ltr'>Laurentiano</span> <span class='ocrx_word' id='word_1_307' title='bbox 741 4276 904 4363; x_wconf 89' lang='lat' dir='ltr'>antiquior</span> <span class='ocrx_word' id='word_1_308' title='bbox 927 4300 984 4344; x_wconf 90' lang='lat' dir='ltr'>suo</span> <span class='ocrx_word' id='word_1_309' title='bbox 1007 4271 1117 4344; x_wconf 87' lang='lat' dir='ltr'>Marte</span> <span class='ocrx_word' id='word_1_310' title='bbox 1142 4277 1314 4341; x_wconf 87' lang='lat' dir='ltr'>induxerit.</span> <span class='ocrx_word' id='word_1_311' title='bbox 1360 4275 1497 4360; x_wconf 81' lang='lat' dir='ltr'>Siquid</span> 
     </span>
     <span class='ocr_line' id='line_1_34' title="bbox 269 4395 1495 4480; baseline -0.002 -20"><span class='ocrx_word' id='word_1_312' title='bbox 269 4399 362 4464; x_wconf 90' lang='lat' dir='ltr'>video</span> <span class='ocrx_word' id='word_1_313' title='bbox 386 4400 572 4465; x_wconf 90' lang='lat' dir='ltr'>concideret</span> <span class='ocrx_word' id='word_1_314' title='bbox 594 4399 753 4464; x_wconf 88' lang='lat' dir='ltr'>eiusmodi</span> <span class='ocrx_word' id='word_1_315' title='bbox 776 4399 915 4480; x_wconf 90' lang='lat' dir='ltr'>suspicio</span> <span class='ocrx_word' id='word_1_316' title='bbox 939 4420 1003 4463; x_wconf 91' lang='lat' dir='ltr'>non</span> <span class='ocrx_word' id='word_1_317' title='bbox 1025 4397 1121 4462; x_wconf 94' lang='lat' dir='ltr'>modo</span> <span class='ocrx_word' id='word_1_318' title='bbox 1145 4395 1289 4461; x_wconf 88' lang='lat' dir='ltr'>artificiis</span> <span class='ocrx_word' id='word_1_319' title='bbox 1306 4395 1421 4479; x_wconf 92' lang='lat' dir='ltr'>quibus</span> <span class='ocrx_word' id='word_1_320' title='bbox 1436 4395 1495 4457; x_wconf 91' lang='lat' dir='ltr'>im-</span> 
     </span>
    </p>
   </div>
   <div class='ocr_carea' id='block_1_8' title="bbox 0 0 1790 5349">
    <p class='ocr_par' dir='ltr' id='par_1_8' title="bbox 0 0 1790 5349">
     <span class='ocr_line' id='line_1_35' title="bbox 0 0 1790 5349; baseline 0 0"><span class='ocrx_word' id='word_1_321' title='bbox 0 0 1790 5349; x_wconf 95' lang='lat' dir='ltr'> </span> 
     </span>
    </p>
   </div>
  </div>
 </body>
</html>
