<?xml version="1.0" encoding="UTF-8"?>
<!DOCTYPE html PUBLIC "-//W3C//DTD XHTML 1.0 Transitional//EN"
    "http://www.w3.org/TR/xhtml1/DTD/xhtml1-transitional.dtd">
<html xmlns="http://www.w3.org/1999/xhtml" xml:lang="en" lang="en">
 <head>
  <title>
</title>
<meta http-equiv="Content-Type" content="text/html;charset=utf-8" />
  <meta name='ocr-system' content='tesseract 3.04.00' />
  <meta name='ocr-capabilities' content='ocr_page ocr_carea ocr_par ocr_line ocrx_word'/>
</head>
<body>
  <div class='ocr_page' id='page_1' title='image "./destobaeifloril00hensgoog_0028.png"; bbox 0 0 3570 5356; ppageno 0'>
   <div class='ocr_carea' id='block_1_1' title="bbox 1490 487 1526 546">
    <p class='ocr_par' dir='ltr' id='par_1_1' title="bbox 1490 487 1526 546">
     <span class='ocr_line' id='line_1_1' title="bbox 1490 487 1526 546; baseline -0.028 0"><span class='ocrx_word' id='word_1_1' title='bbox 1490 487 1526 546; x_wconf 93' lang='lat' dir='ltr'><strong>ll</strong></span> 
     </span>
    </p>
   </div>
   <div class='ocr_carea' id='block_1_2' title="bbox 388 659 1527 744">
    <p class='ocr_par' dir='ltr' id='par_1_2' title="bbox 388 659 1527 744">
     <span class='ocr_line' id='line_1_2' title="bbox 388 659 1527 744; baseline -0.001 -18"><span class='ocrx_word' id='word_1_2' title='bbox 388 659 593 744; x_wconf 79' lang='lat' dir='ltr'><strong>Quamquam</strong></span> <span class='ocrx_word' id='word_1_3' title='bbox 614 661 676 726; x_wconf 92' lang='lat' dir='ltr'><strong>nisi</strong></span> <span class='ocrx_word' id='word_1_4' title='bbox 699 661 770 743; x_wconf 90' lang='lat' dir='ltr'><strong>quis</strong></span> <span class='ocrx_word' id='word_1_5' title='bbox 794 659 959 725; x_wconf 88' lang='lat' dir='ltr'><strong>erroribus</strong></span> <span class='ocrx_word' id='word_1_6' title='bbox 982 659 1144 743; x_wconf 86' lang='lat' dir='ltr'><strong>implicari</strong></span> <span class='ocrx_word' id='word_1_7' title='bbox 1166 661 1253 726; x_wconf 78' lang='lat' dir='ltr'><strong>volet</strong></span> <span class='ocrx_word' id='word_1_8' title='bbox 1275 662 1396 744; x_wconf 91' lang='lat' dir='ltr'><strong>ubique</strong></span> <span class='ocrx_word' id='word_1_9' title='bbox 1418 682 1527 727; x_wconf 82' lang='lat' dir='ltr'><strong>recor·</strong></span> 
     </span>
    </p>
   </div>
   <div class='ocr_carea' id='block_1_3' title="bbox 283 778 1610 4535">
    <p class='ocr_par' dir='ltr' id='par_1_3' title="bbox 283 778 1610 4535">
     <span class='ocr_line' id='line_1_3' title="bbox 301 778 1528 862; baseline 0.002 -19"><span class='ocrx_word' id='word_1_10' title='bbox 301 778 444 843; x_wconf 90' lang='lat' dir='ltr'><strong>dandum</strong></span> <span class='ocrx_word' id='word_1_11' title='bbox 467 780 529 843; x_wconf 90' lang='lat' dir='ltr'><strong>erit</strong></span> <span class='ocrx_word' id='word_1_12' title='bbox 550 800 616 842; x_wconf 93' lang='lat' dir='ltr'><strong>non</strong></span> <span class='ocrx_word' id='word_1_13' title='bbox 639 800 712 844; x_wconf 93' lang='lat' dir='ltr'><strong>cum</strong></span> <span class='ocrx_word' id='word_1_14' title='bbox 734 784 843 844; x_wconf 90' lang='lat' dir='ltr'><strong>vetere</strong></span> <span class='ocrx_word' id='word_1_15' title='bbox 867 779 979 844; x_wconf 88' lang='lat' dir='ltr'><strong>codice</strong></span> <span class='ocrx_word' id='word_1_16' title='bbox 1000 778 1099 843; x_wconf 86' lang='lat' dir='ltr'><strong>nobis&#39;</strong></span> <span class='ocrx_word' id='word_1_17' title='bbox 1113 800 1181 843; x_wconf 91' lang='lat' dir='ltr'><strong>rem</strong></span> <span class='ocrx_word' id='word_1_18' title='bbox 1198 799 1270 843; x_wconf 90' lang='lat' dir='ltr'><strong>esse</strong></span> <span class='ocrx_word' id='word_1_19' title='bbox 1286 780 1344 843; x_wconf 92' lang='lat' dir='ltr'><strong>sed</strong></span> <span class='ocrx_word' id='word_1_20' title='bbox 1360 802 1433 844; x_wconf 90' lang='lat' dir='ltr'><strong>cum</strong></span> <span class='ocrx_word' id='word_1_21' title='bbox 1448 801 1528 862; x_wconf 91' lang='lat' dir='ltr'><strong>apo-</strong></span> 
     </span>
     <span class='ocr_line' id='line_1_4' title="bbox 300 895 1527 990; baseline -0.001 -28"><span class='ocrx_word' id='word_1_22' title='bbox 300 898 423 980; x_wconf 90' lang='lat' dir='ltr'><strong>grapho</strong></span> <span class='ocrx_word' id='word_1_23' title='bbox 447 898 527 961; x_wconf 88' lang='lat' dir='ltr'><strong>satis</strong></span> <span class='ocrx_word' id='word_1_24' title='bbox 546 898 669 990; x_wconf 90' lang='lat' dir='ltr'><strong>recenti</strong></span> <span class='ocrx_word' id='word_1_25' title='bbox 691 896 843 981; x_wconf 91' lang='lat' dir='ltr'><strong>quodque</strong></span> <span class='ocrx_word' id='word_1_26' title='bbox 864 897 898 961; x_wconf 89' lang='lat' dir='ltr'><strong>ln</strong></span> <span class='ocrx_word' id='word_1_27' title='bbox 913 898 1046 980; x_wconf 87' lang='lat' dir='ltr'><strong>singulis</strong></span> <span class='ocrx_word' id='word_1_28' title='bbox 1061 896 1147 962; x_wconf 88' lang='lat' dir='ltr'><strong>male</strong></span> <span class='ocrx_word' id='word_1_29' title='bbox 1169 898 1211 960; x_wconf 92' lang='lat' dir='ltr'><strong>sit</strong></span> <span class='ocrx_word' id='word_1_30' title='bbox 1225 897 1381 963; x_wconf 89' lang='lat' dir='ltr'><strong>habitum.</strong></span> <span class='ocrx_word' id='word_1_31' title='bbox 1420 895 1527 980; x_wconf 78' lang='lat' dir='ltr'><strong>Quam</strong></span> 
     </span>
     <span class='ocr_line' id='line_1_5' title="bbox 299 1007 1525 1100; baseline 0.001 -21"><span class='ocrx_word' id='word_1_32' title='bbox 299 1037 433 1100; x_wconf 87' lang='lat' dir='ltr'><strong>pravam</strong></span> <span class='ocrx_word' id='word_1_33' title='bbox 452 1014 528 1080; x_wconf 88' lang='lat' dir='ltr'>libri</span> <span class='ocrx_word' id='word_1_34' title='bbox 544 1014 767 1079; x_wconf 89' lang='lat' dir='ltr'><strong>condicionem</strong></span> <span class='ocrx_word' id='word_1_35' title='bbox 782 1014 890 1078; x_wconf 87' lang='lat' dir='ltr'><strong>lacere</strong></span> <span class='ocrx_word' id='word_1_36' title='bbox 909 1036 973 1080; x_wconf 91' lang='lat' dir='ltr'><strong>non</strong></span> <span class='ocrx_word' id='word_1_37' title='bbox 988 1007 1120 1099; x_wconf 88' lang='lat' dir='ltr'><strong>possum</strong></span> <span class='ocrx_word' id='word_1_38' title='bbox 1137 1018 1213 1098; x_wconf 92' lang='lat' dir='ltr'><strong>quin</strong></span> <span class='ocrx_word' id='word_1_39' title='bbox 1228 1016 1342 1098; x_wconf 81' lang='lat' dir='ltr'><strong>paucis</strong></span> <span class='ocrx_word' id='word_1_40' title='bbox 1358 1015 1525 1080; x_wconf 81' lang='lat' dir='ltr'><strong>illustrem.</strong></span> 
     </span>
     <span class='ocr_line' id='line_1_6' title="bbox 298 1131 1527 1217; baseline -0.002 -19"><span class='ocrx_word' id='word_1_41' title='bbox 298 1133 374 1199; x_wconf 89' lang='lat' dir='ltr'><strong>Non</strong></span> <span class='ocrx_word' id='word_1_42' title='bbox 396 1138 509 1217; x_wconf 83' lang='lat' dir='ltr'>repeto</span> <span class='ocrx_word' id='word_1_43' title='bbox 533 1133 706 1215; x_wconf 89' lang='lat' dir='ltr'><strong>quodiam</strong></span> <span class='ocrx_word' id='word_1_44' title='bbox 728 1155 826 1215; x_wconf 91' lang='lat' dir='ltr'><strong>supra</strong></span> <span class='ocrx_word' id='word_1_45' title='bbox 847 1139 1061 1197; x_wconf 86' lang='lat' dir='ltr'><strong>memoratum</strong></span> <span class='ocrx_word' id='word_1_46' title='bbox 1079 1139 1129 1197; x_wconf 88' lang='lat' dir='ltr'><strong>est</strong></span> <span class='ocrx_word' id='word_1_47' title='bbox 1152 1134 1267 1216; x_wconf 89' lang='lat' dir='ltr'><strong>capitis</strong></span> <span class='ocrx_word' id='word_1_48' title='bbox 1288 1131 1527 1215; x_wconf 81' lang='lat' dir='ltr'><strong>quadragesimi</strong></span> 
     </span>
     <span class='ocr_line' id='line_1_7' title="bbox 297 1249 1526 1335; baseline -0.002 -19"><span class='ocrx_word' id='word_1_49' title='bbox 297 1253 407 1335; x_wconf 89' lang='lat' dir='ltr'><strong>quarti</strong></span> <span class='ocrx_word' id='word_1_50' title='bbox 428 1251 671 1334; x_wconf 77' lang='lat' dir='ltr'><strong>inscriptionem</strong></span> <span class='ocrx_word' id='word_1_51' title='bbox 700 1251 796 1316; x_wconf 92' lang='lat' dir='ltr'><strong>hodie</strong></span> <span class='ocrx_word' id='word_1_52' title='bbox 823 1252 946 1316; x_wconf 86' lang='lat' dir='ltr'><strong>frustra</strong></span> <span class='ocrx_word' id='word_1_53' title='bbox 968 1253 1090 1335; x_wconf 88' lang='lat' dir='ltr'><strong>quaeri.</strong></span> <span class='ocrx_word' id='word_1_54' title='bbox 1135 1249 1201 1316; x_wconf 84' lang='lat' dir='ltr'><strong>Sed</strong></span> <span class='ocrx_word' id='word_1_55' title='bbox 1229 1273 1270 1315; x_wconf 92' lang='lat' dir='ltr'><strong>ne</strong></span> <span class='ocrx_word' id='word_1_56' title='bbox 1293 1251 1372 1316; x_wconf 88' lang='lat' dir='ltr'><strong>ordo</strong></span> <span class='ocrx_word' id='word_1_57' title='bbox 1396 1251 1526 1334; x_wconf 91' lang='lat' dir='ltr'><strong>quidem</strong></span> 
     </span>
     <span class='ocr_line' id='line_1_8' title="bbox 299 1364 1525 1453; baseline -0.004 -19"><span class='ocrx_word' id='word_1_58' title='bbox 299 1372 441 1453; x_wconf 89' lang='lat' dir='ltr'><strong>capitum</strong></span> <span class='ocrx_word' id='word_1_59' title='bbox 463 1370 582 1452; x_wconf 91' lang='lat' dir='ltr'><strong>ubique</strong></span> <span class='ocrx_word' id='word_1_60' title='bbox 606 1375 751 1435; x_wconf 86' lang='lat' dir='ltr'><strong>servatus</strong></span> <span class='ocrx_word' id='word_1_61' title='bbox 775 1375 834 1433; x_wconf 90' lang='lat' dir='ltr'><strong>est.</strong></span> <span class='ocrx_word' id='word_1_62' title='bbox 879 1367 1015 1434; x_wconf 83' lang='lat' dir='ltr'><strong>Sextum</strong></span> <span class='ocrx_word' id='word_1_63' title='bbox 1038 1371 1122 1434; x_wconf 90' lang='lat' dir='ltr'><strong>enim</strong></span> <span class='ocrx_word' id='word_1_64' title='bbox 1145 1374 1244 1452; x_wconf 90' lang='lat' dir='ltr'><strong>caput</strong></span> <span class='ocrx_word' id='word_1_65' title='bbox 1266 1365 1335 1453; x_wconf 84' lang='grc' dir='ltr'>περὶ</span> <span class='ocrx_word' id='word_1_66' title='bbox 1357 1364 1525 1437; x_wconf 82' lang='grc' dir='ltr'><strong>ἀκολασίας</strong></span> 
     </span>
     <span class='ocr_line' id='line_1_9' title="bbox 298 1487 1526 1570; baseline -0.003 -18"><span class='ocrx_word' id='word_1_67' title='bbox 298 1510 382 1553; x_wconf 89' lang='lat' dir='ltr'><strong>nunc</strong></span> <span class='ocrx_word' id='word_1_68' title='bbox 415 1489 501 1551; x_wconf 90' lang='lat' dir='ltr'><strong>inter</strong></span> <span class='ocrx_word' id='word_1_69' title='bbox 534 1487 711 1553; x_wconf 87' lang='lat' dir='ltr'><strong>secundum</strong></span> <span class='ocrx_word' id='word_1_70' title='bbox 741 1493 774 1551; x_wconf 89' lang='lat' dir='ltr'><strong>et</strong></span> <span class='ocrx_word' id='word_1_71' title='bbox 804 1489 938 1552; x_wconf 90' lang='lat' dir='ltr'><strong>tertium</strong></span> <span class='ocrx_word' id='word_1_72' title='bbox 974 1487 1083 1554; x_wconf 91' lang='lat' dir='ltr'><strong>sedem</strong></span> <span class='ocrx_word' id='word_1_73' title='bbox 1118 1488 1227 1567; x_wconf 88' lang='lat' dir='ltr'><strong>habet,</strong></span> <span class='ocrx_word' id='word_1_74' title='bbox 1263 1508 1345 1570; x_wconf 92' lang='lat' dir='ltr'><strong>quae</strong></span> <span class='ocrx_word' id='word_1_75' title='bbox 1374 1506 1526 1567; x_wconf 89' lang='lat' dir='ltr'><strong>perversa</strong></span> 
     </span>
     <span class='ocr_line' id='line_1_10' title="bbox 298 1605 1525 1690; baseline 0 -21"><span class='ocrx_word' id='word_1_76' title='bbox 298 1606 464 1690; x_wconf 82' lang='lat' dir='ltr'><strong>dispositio</strong></span> <span class='ocrx_word' id='word_1_77' title='bbox 504 1607 602 1670; x_wconf 91' lang='lat' dir='ltr'><strong>etiam</strong></span> <span class='ocrx_word' id='word_1_78' title='bbox 635 1605 778 1688; x_wconf 89' lang='lat' dir='ltr'><strong>generali</strong></span> <span class='ocrx_word' id='word_1_79' title='bbox 812 1607 1016 1690; x_wconf 90' lang='lat' dir='ltr'><strong>inscriptioni</strong></span> <span class='ocrx_word' id='word_1_80' title='bbox 1055 1611 1167 1689; x_wconf 90' lang='lat' dir='ltr'><strong>aperte</strong></span> <span class='ocrx_word' id='word_1_81' title='bbox 1199 1627 1383 1689; x_wconf 81' lang='lat' dir='ltr'><strong>repugnans</strong></span> <span class='ocrx_word' id='word_1_82' title='bbox 1416 1611 1525 1670; x_wconf 92' lang='lat' dir='ltr'><strong>utrum</strong></span> 
     </span>
     <span class='ocr_line' id='line_1_11' title="bbox 297 1724 1524 1809; baseline -0.002 -20"><span class='ocrx_word' id='word_1_83' title='bbox 297 1746 337 1789; x_wconf 85' lang='lat' dir='ltr'><strong>ex</strong></span> <span class='ocrx_word' id='word_1_84' title='bbox 366 1724 571 1789; x_wconf 86' lang='lat' dir='ltr'><strong>librariorum</strong></span> <span class='ocrx_word' id='word_1_85' title='bbox 604 1724 808 1806; x_wconf 77' lang='lat' dir='ltr'><strong>neglegentia</strong></span> <span class='ocrx_word' id='word_1_86' title='bbox 846 1745 887 1788; x_wconf 91' lang='lat' dir='ltr'><strong>an</strong></span> <span class='ocrx_word' id='word_1_87' title='bbox 920 1724 995 1788; x_wconf 91' lang='lat' dir='ltr'><strong>inde</strong></span> <span class='ocrx_word' id='word_1_88' title='bbox 1030 1724 1208 1807; x_wconf 87' lang='lat' dir='ltr'><strong>repetenda</strong></span> <span class='ocrx_word' id='word_1_89' title='bbox 1235 1725 1278 1788; x_wconf 92' lang='lat' dir='ltr'><strong>sit</strong></span> <span class='ocrx_word' id='word_1_90' title='bbox 1305 1725 1392 1809; x_wconf 93' lang='lat' dir='ltr'><strong>quod</strong></span> <span class='ocrx_word' id='word_1_91' title='bbox 1419 1730 1524 1788; x_wconf 89' lang='lat' dir='ltr'><strong>vetus·</strong></span> 
     </span>
     <span class='ocr_line' id='line_1_12' title="bbox 296 1842 1526 1927; baseline 0 -22"><span class='ocrx_word' id='word_1_92' title='bbox 296 1843 387 1907; x_wconf 89' lang='lat' dir='ltr'><strong>tioris</strong></span> <span class='ocrx_word' id='word_1_93' title='bbox 411 1843 545 1907; x_wconf 87' lang='lat' dir='ltr'><strong>alicuius</strong></span> <span class='ocrx_word' id='word_1_94' title='bbox 569 1842 690 1907; x_wconf 88' lang='lat' dir='ltr'><strong>codicis</strong></span> <span class='ocrx_word' id='word_1_95' title='bbox 712 1843 825 1907; x_wconf 85' lang='lat' dir='ltr'><strong>folium</strong></span> <span class='ocrx_word' id='word_1_96' title='bbox 848 1842 988 1908; x_wconf 91' lang='lat' dir='ltr'><strong>solutum</strong></span> <span class='ocrx_word' id='word_1_97' title='bbox 1011 1843 1186 1927; x_wconf 88' lang='lat' dir='ltr'><strong>aliquando</strong></span> <span class='ocrx_word' id='word_1_98' title='bbox 1208 1845 1240 1906; x_wconf 91' lang='lat' dir='ltr'><strong>in</strong></span> <span class='ocrx_word' id='word_1_99' title='bbox 1264 1844 1403 1908; x_wconf 92' lang='lat' dir='ltr'><strong>alienum</strong></span> <span class='ocrx_word' id='word_1_100' title='bbox 1418 1843 1526 1906; x_wconf 89' lang='lat' dir='ltr'><strong>locum</strong></span> 
     </span>
     <span class='ocr_line' id='line_1_13' title="bbox 296 1961 1523 2045; baseline 0.002 -21"><span class='ocrx_word' id='word_1_101' title='bbox 296 1963 528 2044; x_wconf 88' lang='lat' dir='ltr'><strong>transpositum</strong></span> <span class='ocrx_word' id='word_1_102' title='bbox 562 1964 613 2040; x_wconf 91' lang='lat' dir='ltr'><strong>sit,</strong></span> <span class='ocrx_word' id='word_1_103' title='bbox 648 1963 701 2026; x_wconf 86' lang='lat' dir='ltr'><strong>vix</strong></span> <span class='ocrx_word' id='word_1_104' title='bbox 732 1962 892 2026; x_wconf 89' lang='lat' dir='ltr'><strong>incertum</strong></span> <span class='ocrx_word' id='word_1_105' title='bbox 925 1961 1060 2026; x_wconf 83' lang='lat' dir='ltr'><strong>videtur.</strong></span> <span class='ocrx_word' id='word_1_106' title='bbox 1110 1963 1241 2026; x_wconf 79' lang='lat' dir='ltr'><strong>Etenim</strong></span> <span class='ocrx_word' id='word_1_107' title='bbox 1267 1962 1393 2026; x_wconf 88' lang='lat' dir='ltr'><strong>librarii</strong></span> <span class='ocrx_word' id='word_1_108' title='bbox 1426 1961 1523 2045; x_wconf 91' lang='lat' dir='ltr'><strong>paulo</strong></span> 
     </span>
     <span class='ocr_line' id='line_1_14' title="bbox 296 2079 1524 2163; baseline 0.001 -21"><span class='ocrx_word' id='word_1_109' title='bbox 296 2079 424 2143; x_wconf 83' lang='lat' dir='ltr'><strong>facilius</strong></span> <span class='ocrx_word' id='word_1_110' title='bbox 461 2080 494 2143; x_wconf 94' lang='lat' dir='ltr'><strong>in</strong></span> <span class='ocrx_word' id='word_1_111' title='bbox 532 2099 674 2144; x_wconf 89' lang='lat' dir='ltr'><strong>errorem</strong></span> <span class='ocrx_word' id='word_1_112' title='bbox 713 2079 821 2144; x_wconf 89' lang='lat' dir='ltr'><strong>delabi</strong></span> <span class='ocrx_word' id='word_1_113' title='bbox 857 2084 1019 2163; x_wconf 89' lang='lat' dir='ltr'><strong>poterant,</strong></span> <span class='ocrx_word' id='word_1_114' title='bbox 1062 2082 1138 2163; x_wconf 92' lang='lat' dir='ltr'><strong>quia</strong></span> <span class='ocrx_word' id='word_1_115' title='bbox 1175 2081 1301 2163; x_wconf 87' lang='lat' dir='ltr'><strong>singula</strong></span> <span class='ocrx_word' id='word_1_116' title='bbox 1344 2081 1453 2163; x_wconf 87' lang='lat' dir='ltr'><strong>capita</strong></span> <span class='ocrx_word' id='word_1_117' title='bbox 1488 2085 1524 2143; x_wconf 92' lang='lat' dir='ltr'><strong>ut</strong></span> 
     </span>
     <span class='ocr_line' id='line_1_15' title="bbox 296 2191 1522 2280; baseline 0.001 -20"><span class='ocrx_word' id='word_1_118' title='bbox 296 2199 397 2263; x_wconf 91' lang='lat' dir='ltr'><strong>titulis</strong></span> <span class='ocrx_word' id='word_1_119' title='bbox 427 2197 582 2279; x_wconf 86' lang='lat' dir='ltr'><strong>insignita</strong></span> <span class='ocrx_word' id='word_1_120' title='bbox 605 2204 699 2262; x_wconf 89' lang='lat' dir='ltr'><strong>erant</strong></span> <span class='ocrx_word' id='word_1_121' title='bbox 719 2199 767 2261; x_wconf 89' lang='lat' dir='ltr'><strong>ita</strong></span> <span class='ocrx_word' id='word_1_122' title='bbox 788 2198 930 2261; x_wconf 89' lang='lat' dir='ltr'><strong>numeris</strong></span> <span class='ocrx_word' id='word_1_123' title='bbox 954 2198 1119 2263; x_wconf 84' lang='lat' dir='ltr'><strong>carebant.</strong></span> <span class='ocrx_word' id='word_1_124' title='bbox 1164 2195 1269 2262; x_wconf 82' lang='lat' dir='ltr'><strong>Simili</strong></span> <span class='ocrx_word' id='word_1_125' title='bbox 1292 2191 1391 2280; x_wconf 91' lang='lat' dir='ltr'><strong>igitur</strong></span> <span class='ocrx_word' id='word_1_126' title='bbox 1414 2219 1522 2262; x_wconf 90' lang='lat' dir='ltr'><strong>errore</strong></span> 
     </span>
     <span class='ocr_line' id='line_1_16' title="bbox 296 2302 1610 2400; baseline 0 -20"><span class='ocrx_word' id='word_1_127' title='bbox 296 2321 394 2400; x_wconf 88' lang='lat' dir='ltr'><strong>caput</strong></span> <span class='ocrx_word' id='word_1_128' title='bbox 415 2317 603 2381; x_wconf 81' lang='lat' dir='ltr'><strong>vicesimum</strong></span> <span class='ocrx_word' id='word_1_129' title='bbox 625 2318 798 2399; x_wconf 88' lang='lat' dir='ltr'><strong>septimum</strong></span> <span class='ocrx_word' id='word_1_130' title='bbox 820 2337 904 2380; x_wconf 92' lang='lat' dir='ltr'><strong>nunc</strong></span> <span class='ocrx_word' id='word_1_131' title='bbox 934 2322 1010 2380; x_wconf 88' lang='lat' dir='ltr'><strong>ante</strong></span> <span class='ocrx_word' id='word_1_132' title='bbox 1037 2316 1223 2381; x_wconf 89' lang='lat' dir='ltr'><strong>vicesimum</strong></span> <span class='ocrx_word' id='word_1_133' title='bbox 1246 2302 1372 2381; x_wconf 85' lang='lat' dir='ltr'><strong>sextum</strong></span> <span class='ocrx_word' id='word_1_134' title='bbox 1393 2318 1521 2399; x_wconf 89' lang='lat' dir='ltr'><strong>legitur.</strong></span> <span class='ocrx_word' id='word_1_135' title='bbox 1598 2339 1610 2350; x_wconf 92' lang='lat'><em>·</em></span> 
     </span>
     <span class='ocr_line' id='line_1_17' title="bbox 294 2434 1520 2526; baseline -0.002 -26"><span class='ocrx_word' id='word_1_136' title='bbox 294 2435 397 2501; x_wconf 87' lang='lat' dir='ltr'><strong>Unius</strong></span> <span class='ocrx_word' id='word_1_137' title='bbox 431 2439 539 2499; x_wconf 89' lang='lat' dir='ltr'><strong>autem</strong></span> <span class='ocrx_word' id='word_1_138' title='bbox 555 2521 558 2526; x_wconf 87' lang='lat'>.</span> <span class='ocrx_word' id='word_1_139' title='bbox 572 2435 642 2499; x_wconf 79' lang='lat' dir='ltr'><strong>folii</strong></span> <span class='ocrx_word' id='word_1_140' title='bbox 672 2434 794 2499; x_wconf 89' lang='lat' dir='ltr'><strong>formae</strong></span> <span class='ocrx_word' id='word_1_141' title='bbox 828 2434 1008 2518; x_wconf 87' lang='lat' dir='ltr'><strong>quadratae</strong></span> <span class='ocrx_word' id='word_1_142' title='bbox 1042 2437 1182 2518; x_wconf 89' lang='lat' dir='ltr'><strong>spatium</strong></span> <span class='ocrx_word' id='word_1_143' title='bbox 1213 2436 1373 2519; x_wconf 87' lang='lat' dir='ltr'><strong>excerptis</strong></span> <span class='ocrx_word' id='word_1_144' title='bbox 1404 2435 1520 2517; x_wconf 88' lang='lat' dir='ltr'><strong>capitis</strong></span> 
     </span>
     <span class='ocr_line' id='line_1_18' title="bbox 293 2551 1520 2638; baseline 0.001 -21"><span class='ocrx_word' id='word_1_145' title='bbox 293 2556 376 2619; x_wconf 82' lang='lat' dir='ltr'><strong>sexti</strong></span> <span class='ocrx_word' id='word_1_146' title='bbox 407 2556 441 2619; x_wconf 90' lang='lat' dir='ltr'><strong>in</strong></span> <span class='ocrx_word' id='word_1_147' title='bbox 472 2559 583 2619; x_wconf 90' lang='lat' dir='ltr'><strong>nostro</strong></span> <span class='ocrx_word' id='word_1_148' title='bbox 612 2553 742 2637; x_wconf 90' lang='lat' dir='ltr'><strong>quidem</strong></span> <span class='ocrx_word' id='word_1_149' title='bbox 772 2551 806 2636; x_wconf 80' lang='lat' dir='ltr'><strong>(f.</strong></span> <span class='ocrx_word' id='word_1_150' title='bbox 837 2557 888 2634; x_wconf 85' lang='lat'><strong>21)</strong></span> <span class='ocrx_word' id='word_1_151' title='bbox 918 2555 1080 2636; x_wconf 90' lang='lat' dir='ltr'><strong>utrimque</strong></span> <span class='ocrx_word' id='word_1_152' title='bbox 1110 2553 1310 2637; x_wconf 88' lang='lat' dir='ltr'><strong>aliquantulo</strong></span> <span class='ocrx_word' id='word_1_153' title='bbox 1339 2561 1520 2638; x_wconf 89' lang='lat' dir='ltr'><strong>superatur.</strong></span> 
     </span>
     <span class='ocr_line' id='line_1_19' title="bbox 291 2671 1517 2756; baseline 0.001 -20"><span class='ocrx_word' id='word_1_154' title='bbox 291 2673 398 2737; x_wconf 92' lang='lat' dir='ltr'><strong>Multo</strong></span> <span class='ocrx_word' id='word_1_155' title='bbox 415 2674 514 2738; x_wconf 89' lang='lat' dir='ltr'><strong>etiarn</strong></span> <span class='ocrx_word' id='word_1_156' title='bbox 524 2673 627 2737; x_wconf 87' lang='lat' dir='ltr'><strong>maior</strong></span> <span class='ocrx_word' id='word_1_157' title='bbox 644 2672 850 2756; x_wconf 81' lang='lat' dir='ltr'><strong>neglegentia</strong></span> <span class='ocrx_word' id='word_1_158' title='bbox 865 2671 1056 2737; x_wconf 87' lang='lat' dir='ltr'><strong>observatur</strong></span> <span class='ocrx_word' id='word_1_159' title='bbox 1071 2673 1104 2736; x_wconf 94' lang='lat' dir='ltr'><strong>in</strong></span> <span class='ocrx_word' id='word_1_160' title='bbox 1119 2672 1291 2738; x_wconf 83' lang='lat' dir='ltr'><strong>lemmatis</strong></span> <span class='ocrx_word' id='word_1_161' title='bbox 1322 2672 1408 2738; x_wconf 90' lang='lat' dir='ltr'><strong>Nolo</strong></span> <span class='ocrx_word' id='word_1_162' title='bbox 1424 2679 1517 2737; x_wconf 90' lang='lat' dir='ltr'><strong>notos</strong></span> 
     </span>
     <span class='ocr_line' id='line_1_20' title="bbox 291 2790 1517 2874; baseline -0.001 -19"><span class='ocrx_word' id='word_1_163' title='bbox 291 2790 498 2855; x_wconf 88' lang='lat' dir='ltr'><strong>librariorum</strong></span> <span class='ocrx_word' id='word_1_164' title='bbox 514 2811 640 2855; x_wconf 89' lang='lat' dir='ltr'><strong>errores</strong></span> <span class='ocrx_word' id='word_1_165' title='bbox 655 2791 709 2855; x_wconf 93' lang='lat' dir='ltr'><strong>hic</strong></span> <span class='ocrx_word' id='word_1_166' title='bbox 725 2811 909 2872; x_wconf 90' lang='lat' dir='ltr'><strong>congerere,</strong></span> <span class='ocrx_word' id='word_1_167' title='bbox 931 2811 1068 2874; x_wconf 89' lang='lat' dir='ltr'><strong>quorum</strong></span> <span class='ocrx_word' id='word_1_168' title='bbox 1083 2792 1253 2856; x_wconf 88' lang='lat' dir='ltr'><strong>scientiam</strong></span> <span class='ocrx_word' id='word_1_169' title='bbox 1268 2791 1356 2856; x_wconf 89' lang='lat' dir='ltr'><strong>haud</strong></span> <span class='ocrx_word' id='word_1_170' title='bbox 1370 2792 1517 2855; x_wconf 89' lang='lat' dir='ltr'><strong>inutilem</strong></span> 
     </span>
     <span class='ocr_line' id='line_1_21' title="bbox 291 2908 1518 2994; baseline 0.001 -21"><span class='ocrx_word' id='word_1_171' title='bbox 291 2910 475 2994; x_wconf 89' lang='lat' dir='ltr'><strong>suppeditet</strong></span> <span class='ocrx_word' id='word_1_172' title='bbox 505 2908 651 2974; x_wconf 78' lang='lat' dir='ltr'><strong>Thomae</strong></span> <span class='ocrx_word' id='word_1_173' title='bbox 672 2909 816 2974; x_wconf 69' lang='lat' dir='ltr'><strong>vcollatio</strong></span> <span class='ocrx_word' id='word_1_174' title='bbox 851 2909 936 2991; x_wconf 85' lang='lat' dir='ltr'><strong>typis</strong></span> <span class='ocrx_word' id='word_1_175' title='bbox 966 2909 1139 2992; x_wconf 87' lang='lat' dir='ltr'><strong>impressa,</strong></span> <span class='ocrx_word' id='word_1_176' title='bbox 1170 2908 1258 2973; x_wconf 92' lang='lat' dir='ltr'><strong>velut</strong></span> <span class='ocrx_word' id='word_1_177' title='bbox 1286 2909 1372 2993; x_wconf 92' lang='lat' dir='ltr'><strong>quod</strong></span> <span class='ocrx_word' id='word_1_178' title='bbox 1399 2910 1518 2992; x_wconf 91' lang='lat' dir='ltr'><strong>legitur</strong></span> 
     </span>
     <span class='ocr_line' id='line_1_22' title="bbox 295 3017 1515 3111; baseline -0.002 -19"><span class='ocrx_word' id='word_1_179' title='bbox 295 3034 340 3108; x_wconf 81' lang='lat'><strong>18,</strong></span> <span class='ocrx_word' id='word_1_180' title='bbox 366 3034 403 3092; x_wconf 90' lang='grc'><strong>31</strong></span> <span class='ocrx_word' id='word_1_181' title='bbox 429 3029 591 3110; x_wconf 67' lang='grc' dir='ltr'>δημοσθεΗ·</span> <span class='ocrx_word' id='word_1_182' title='bbox 621 3050 680 3110; x_wconf 91' lang='lat' dir='ltr'><strong>pro</strong></span> <span class='ocrx_word' id='word_1_183' title='bbox 698 3023 902 3111; x_wconf 80' lang='grc' dir='ltr'>Δημοκρίτου,</span> <span class='ocrx_word' id='word_1_184' title='bbox 927 3032 976 3104; x_wconf 84' lang='grc'><strong>23,</strong></span> <span class='ocrx_word' id='word_1_185' title='bbox 1000 3034 1017 3091; x_wconf 85' lang='grc'>7</span> <span class='ocrx_word' id='word_1_186' title='bbox 1042 3017 1176 3111; x_wconf 46' lang='grc' dir='ltr'><strong>ἄριστοίλ</strong></span> <span class='ocrx_word' id='word_1_187' title='bbox 1204 3047 1263 3110; x_wconf 88' lang='lat' dir='ltr'><strong>pro</strong></span> <span class='ocrx_word' id='word_1_188' title='bbox 1284 3024 1515 3110; x_wconf 81' lang='grc' dir='ltr'>Ἀριστωνύμου</span> 
     </span>
     <span class='ocr_line' id='line_1_23' title="bbox 291 3145 1515 3231; baseline -0.001 -20"><span class='ocrx_word' id='word_1_189' title='bbox 291 3148 418 3231; x_wconf 89' lang='lat' dir='ltr'><strong>aliaque</strong></span> <span class='ocrx_word' id='word_1_190' title='bbox 441 3147 475 3210; x_wconf 93' lang='lat' dir='ltr'><strong>id</strong></span> <span class='ocrx_word' id='word_1_191' title='bbox 499 3167 599 3228; x_wconf 88' lang='lat' dir='ltr'><strong>genus</strong></span> <span class='ocrx_word' id='word_1_192' title='bbox 622 3146 785 3228; x_wconf 90' lang='lat' dir='ltr'><strong>permulta</strong></span> <span class='ocrx_word' id='word_1_193' title='bbox 808 3166 848 3209; x_wconf 85' lang='lat' dir='ltr'><strong>ex</strong></span> <span class='ocrx_word' id='word_1_194' title='bbox 871 3146 1070 3228; x_wconf 90' lang='lat' dir='ltr'><strong>compendiis</strong></span> <span class='ocrx_word' id='word_1_195' title='bbox 1094 3152 1175 3210; x_wconf 89' lang='lat' dir='ltr'><strong>orta.</strong></span> <span class='ocrx_word' id='word_1_196' title='bbox 1214 3145 1323 3210; x_wconf 90' lang='lat' dir='ltr'><strong>Unum</strong></span> <span class='ocrx_word' id='word_1_197' title='bbox 1338 3146 1515 3210; x_wconf 84' lang='lat' dir='ltr'><strong>alterumve</strong></span> 
     </span>
     <span class='ocr_line' id='line_1_24' title="bbox 291 3262 1515 3349; baseline 0.001 -21"><span class='ocrx_word' id='word_1_198' title='bbox 291 3266 472 3348; x_wconf 86' lang='lat' dir='ltr'><strong>exemplum</strong></span> <span class='ocrx_word' id='word_1_199' title='bbox 494 3267 597 3349; x_wconf 89' lang='lat' dir='ltr'><strong>magis</strong></span> <span class='ocrx_word' id='word_1_200' title='bbox 619 3263 830 3330; x_wconf 90' lang='lat' dir='ltr'><strong>memorabile</strong></span> <span class='ocrx_word' id='word_1_201' title='bbox 847 3262 969 3328; x_wconf 90' lang='lat' dir='ltr'><strong>adfero.</strong></span> <span class='ocrx_word' id='word_1_202' title='bbox 1001 3263 1039 3326; x_wconf 84' lang='lat' dir='ltr'><strong>F.</strong></span> <span class='ocrx_word' id='word_1_203' title='bbox 1056 3268 1113 3327; x_wconf 82' lang='lat' dir='ltr'><strong>35v</strong></span> <span class='ocrx_word' id='word_1_204' title='bbox 1129 3284 1175 3346; x_wconf 91' lang='lat' dir='ltr'><strong>sq.</strong></span> <span class='ocrx_word' id='word_1_205' title='bbox 1193 3265 1388 3329; x_wconf 85' lang='lat' dir='ltr'><strong>exscribitur</strong></span> <span class='ocrx_word' id='word_1_206' title='bbox 1401 3265 1515 3330; x_wconf 91' lang='lat' dir='ltr'><strong>Xeno·</strong></span> 
     </span>
     <span class='ocr_line' id='line_1_25' title="bbox 291 3367 1514 3466; baseline 0.001 -21"><span class='ocrx_word' id='word_1_207' title='bbox 291 3383 418 3464; x_wconf 85' lang='lat' dir='ltr'><strong>phontis</strong></span> <span class='ocrx_word' id='word_1_208' title='bbox 457 3385 569 3466; x_wconf 80' lang='lat' dir='ltr'><strong>ecloga</strong></span> <span class='ocrx_word' id='word_1_209' title='bbox 603 3390 658 3461; x_wconf 80' lang='lat'><strong>17,</strong></span> <span class='ocrx_word' id='word_1_210' title='bbox 687 3387 727 3447; x_wconf 85' lang='lat'><strong>45</strong></span> <span class='ocrx_word' id='word_1_211' title='bbox 754 3403 782 3446; x_wconf 77' lang='lat' dir='ltr'><strong>v.</strong></span> <span class='ocrx_word' id='word_1_212' title='bbox 810 3381 830 3445; x_wconf 85' lang='grc' dir='ltr'>Ι</span> <span class='ocrx_word' id='word_1_213' title='bbox 854 3403 884 3465; x_wconf 87' lang='lat' dir='ltr'><strong>p.</strong></span> <span class='ocrx_word' id='word_1_214' title='bbox 909 3367 1129 3466; x_wconf 66' lang='lat'><strong>2905—291&#39;„</strong></span> <span class='ocrx_word' id='word_1_215' title='bbox 1153 3383 1200 3447; x_wconf 87' lang='grc' dir='ltr'><strong>Μ.</strong></span> <span class='ocrx_word' id='word_1_216' title='bbox 1245 3381 1312 3448; x_wconf 78' lang='lat' dir='ltr'><strong>sed</strong></span> <span class='ocrx_word' id='word_1_217' title='bbox 1353 3384 1514 3448; x_wconf 81' lang='lat' dir='ltr'><strong>lemmatis</strong></span> 
     </span>
     <span class='ocr_line' id='line_1_26' title="bbox 290 3498 1513 3586; baseline 0.003 -23"><span class='ocrx_word' id='word_1_218' title='bbox 290 3499 360 3565; x_wconf 87' lang='lat' dir='ltr'><strong>loco</strong></span> <span class='ocrx_word' id='word_1_219' title='bbox 384 3501 481 3568; x_wconf 89' lang='lat' dir='ltr'><strong>datur</strong></span> <span class='ocrx_word' id='word_1_220' title='bbox 503 3501 686 3586; x_wconf 83' lang='grc' dir='ltr'>οωκράτους.</span> <span class='ocrx_word' id='word_1_221' title='bbox 725 3498 920 3564; x_wconf 74' lang='lat' dir='ltr'><strong>Obseruauit</strong></span> <span class='ocrx_word' id='word_1_222' title='bbox 940 3499 1091 3565; x_wconf 88' lang='lat' dir='ltr'><strong>nimirum</strong></span> <span class='ocrx_word' id='word_1_223' title='bbox 1108 3508 1279 3584; x_wconf 88' lang='lat' dir='ltr'><strong>excerptor</strong></span> <span class='ocrx_word' id='word_1_224' title='bbox 1293 3503 1326 3566; x_wconf 91' lang='lat' dir='ltr'><strong>in</strong></span> <span class='ocrx_word' id='word_1_225' title='bbox 1343 3501 1513 3567; x_wconf 88' lang='lat' dir='ltr'><strong>Oommen·</strong></span> 
     </span>
     <span class='ocr_line' id='line_1_27' title="bbox 290 3617 1513 3704; baseline 0.001 -21"><span class='ocrx_word' id='word_1_226' title='bbox 290 3621 446 3686; x_wconf 91' lang='lat' dir='ltr'><strong>tariorum</strong></span> <span class='ocrx_word' id='word_1_227' title='bbox 467 3623 541 3686; x_wconf 87' lang='lat' dir='ltr'><strong>loco</strong></span> <span class='ocrx_word' id='word_1_228' title='bbox 565 3620 605 3684; x_wconf 91' lang='lat' dir='ltr'><strong>de</strong></span> <span class='ocrx_word' id='word_1_229' title='bbox 628 3641 693 3703; x_wconf 90' lang='lat' dir='ltr'><strong>quo</strong></span> <span class='ocrx_word' id='word_1_230' title='bbox 715 3620 824 3702; x_wconf 89' lang='lat' dir='ltr'><strong>agitur</strong></span> <span class='ocrx_word' id='word_1_231' title='bbox 838 3617 937 3700; x_wconf 81' lang='lat' dir='ltr'><strong>verba</strong></span> <span class='ocrx_word' id='word_1_232' title='bbox 953 3618 1053 3682; x_wconf 83' lang='grc' dir='ltr'>ἐκεῖνο</span> <span class='ocrx_word' id='word_1_233' title='bbox 1072 3623 1104 3696; x_wconf 81' lang='grc' dir='ltr'><strong>δ’,</strong></span> <span class='ocrx_word' id='word_1_234' title='bbox 1130 3617 1200 3704; x_wconf 86' lang='grc' dir='ltr'>ἔφη,</span> <span class='ocrx_word' id='word_1_235' title='bbox 1224 3622 1248 3682; x_wconf 80' lang='grc' dir='ltr'><strong>ὦ</strong></span> <span class='ocrx_word' id='word_1_236' title='bbox 1265 3618 1435 3704; x_wconf 78' lang='grc' dir='ltr'>Εὐθύδημε</span> <span class='ocrx_word' id='word_1_237' title='bbox 1450 3623 1513 3698; x_wconf 74' lang='lat' dir='ltr'><strong>art,</strong></span> 
     </span>
     <span class='ocr_line' id='line_1_28' title="bbox 288 3735 1513 3822; baseline 0.001 -19"><span class='ocrx_word' id='word_1_238' title='bbox 288 3760 308 3803; x_wconf 90' lang='lat' dir='ltr'><strong>a</strong></span> <span class='ocrx_word' id='word_1_239' title='bbox 331 3739 446 3822; x_wconf 91' lang='lat' dir='ltr'><strong>quibus</strong></span> <span class='ocrx_word' id='word_1_240' title='bbox 469 3741 595 3803; x_wconf 91' lang='lat' dir='ltr'><strong>initium</strong></span> <span class='ocrx_word' id='word_1_241' title='bbox 619 3739 714 3821; x_wconf 90' lang='lat' dir='ltr'><strong>cepit,</strong></span> <span class='ocrx_word' id='word_1_242' title='bbox 738 3735 869 3802; x_wconf 83' lang='lat' dir='ltr'><strong>Socrati</strong></span> <span class='ocrx_word' id='word_1_243' title='bbox 891 3738 969 3803; x_wconf 87' lang='lat' dir='ltr'><strong>data</strong></span> <span class='ocrx_word' id='word_1_244' title='bbox 992 3757 1071 3817; x_wconf 91' lang='lat' dir='ltr'><strong>esse,</strong></span> <span class='ocrx_word' id='word_1_245' title='bbox 1101 3739 1164 3803; x_wconf 90' lang='lat' dir='ltr'><strong>nisi</strong></span> <span class='ocrx_word' id='word_1_246' title='bbox 1188 3740 1287 3803; x_wconf 87' lang='lat' dir='ltr'><strong>etiam</strong></span> <span class='ocrx_word' id='word_1_247' title='bbox 1308 3739 1513 3804; x_wconf 86' lang='lat' dir='ltr'><strong>festinantius</strong></span> 
     </span>
     <span class='ocr_line' id='line_1_29' title="bbox 287 3856 1513 3941; baseline 0.002 -20"><span class='ocrx_word' id='word_1_248' title='bbox 287 3879 355 3922; x_wconf 90' lang='lat' dir='ltr'><strong>rem</strong></span> <span class='ocrx_word' id='word_1_249' title='bbox 375 3879 475 3940; x_wconf 88' lang='lat' dir='ltr'><strong>agens</strong></span> <span class='ocrx_word' id='word_1_250' title='bbox 495 3879 533 3922; x_wconf 90' lang='lat' dir='ltr'><strong>eo</strong></span> <span class='ocrx_word' id='word_1_251' title='bbox 550 3859 706 3941; x_wconf 89' lang='lat' dir='ltr'><strong>deceptus</strong></span> <span class='ocrx_word' id='word_1_252' title='bbox 723 3862 781 3938; x_wconf 89' lang='lat' dir='ltr'><strong>est,</strong></span> <span class='ocrx_word' id='word_1_253' title='bbox 805 3857 892 3940; x_wconf 89' lang='lat' dir='ltr'><strong>quod</strong></span> <span class='ocrx_word' id='word_1_254' title='bbox 907 3863 983 3922; x_wconf 88' lang='lat' dir='ltr'><strong>ante</strong></span> <span class='ocrx_word' id='word_1_255' title='bbox 999 3857 1080 3922; x_wconf 89' lang='lat' dir='ltr'><strong>haec</strong></span> <span class='ocrx_word' id='word_1_256' title='bbox 1094 3856 1194 3921; x_wconf 86' lang='lat' dir='ltr'><strong>verba</strong></span> <span class='ocrx_word' id='word_1_257' title='bbox 1209 3857 1240 3921; x_wconf 95' lang='lat' dir='ltr'><strong>in</strong></span> <span class='ocrx_word' id='word_1_258' title='bbox 1258 3859 1370 3923; x_wconf 89' lang='lat' dir='ltr'><strong>codice</strong></span> <span class='ocrx_word' id='word_1_259' title='bbox 1386 3865 1513 3923; x_wconf 86' lang='lat' dir='ltr'><strong>exstare</strong></span> 
     </span>
     <span class='ocr_line' id='line_1_30' title="bbox 285 3973 1511 4060; baseline 0.002 -22"><span class='ocrx_word' id='word_1_260' title='bbox 285 3974 366 4039; x_wconf 85' lang='lat' dir='ltr'><strong>vidit</strong></span> <span class='ocrx_word' id='word_1_261' title='bbox 389 3973 514 4048; x_wconf 82' lang='grc' dir='ltr'>εἰκότως</span> <span class='ocrx_word' id='word_1_262' title='bbox 538 3974 604 4060; x_wconf 73' lang='grc' dir='ltr'><strong>γάρ,</strong></span> <span class='ocrx_word' id='word_1_263' title='bbox 628 3973 699 4060; x_wconf 82' lang='grc' dir='ltr'><strong>ἔφη,</strong></span> <span class='ocrx_word' id='word_1_264' title='bbox 722 3977 746 4039; x_wconf 84' lang='grc' dir='ltr'><em>ὦ</em></span> <span class='ocrx_word' id='word_1_265' title='bbox 771 3975 976 4060; x_wconf 83' lang='grc' dir='ltr'>Σώκρατες.</span> <span class='ocrx_word' id='word_1_266' title='bbox 1013 3977 1212 4042; x_wconf 87' lang='lat' dir='ltr'><strong>Accuratius</strong></span> <span class='ocrx_word' id='word_1_267' title='bbox 1234 3997 1304 4040; x_wconf 88' lang='lat' dir='ltr'><strong>rem</strong></span> <span class='ocrx_word' id='word_1_268' title='bbox 1326 3978 1392 4060; x_wconf 88' lang='lat' dir='ltr'><strong>egit</strong></span> <span class='ocrx_word' id='word_1_269' title='bbox 1408 3978 1429 4041; x_wconf 84' lang='lat' dir='ltr'><strong>f.</strong></span> <span class='ocrx_word' id='word_1_270' title='bbox 1447 3983 1511 4058; x_wconf 68' lang='grc' dir='ltr'><strong>ὅδ’,</strong></span> 
     </span>
     <span class='ocr_line' id='line_1_31' title="bbox 284 4094 1512 4179; baseline 0.002 -22"><span class='ocrx_word' id='word_1_271' title='bbox 284 4094 341 4157; x_wconf 91' lang='lat' dir='ltr'><strong>ubi</strong></span> <span class='ocrx_word' id='word_1_272' title='bbox 364 4116 437 4159; x_wconf 92' lang='lat' dir='ltr'><strong>cum</strong></span> <span class='ocrx_word' id='word_1_273' title='bbox 452 4096 593 4179; x_wconf 90' lang='lat' dir='ltr'><strong>priorem</strong></span> <span class='ocrx_word' id='word_1_274' title='bbox 609 4094 742 4175; x_wconf 86' lang='lat' dir='ltr'><strong>eclogae</strong></span> <span class='ocrx_word' id='word_1_275' title='bbox 763 4095 958 4177; x_wconf 90' lang='lat' dir='ltr'><strong>particulam</strong></span> <span class='ocrx_word' id='word_1_276' title='bbox 973 4095 1110 4160; x_wconf 90' lang='lat' dir='ltr'><strong>adderet</strong></span> <span class='ocrx_word' id='word_1_277' title='bbox 1125 4101 1222 4159; x_wconf 89' lang='lat' dir='ltr'><strong>antea</strong></span> <span class='ocrx_word' id='word_1_278' title='bbox 1237 4098 1512 4178; x_wconf 87' lang='lat' dir='ltr'><strong>praetermissam,</strong></span> 
     </span>
     <span class='ocr_line' id='line_1_32' title="bbox 284 4211 1510 4299; baseline 0.003 -24"><span class='ocrx_word' id='word_1_279' title='bbox 284 4211 359 4276; x_wconf 89' lang='lat' dir='ltr'><strong>huic</strong></span> <span class='ocrx_word' id='word_1_280' title='bbox 381 4214 563 4296; x_wconf 89' lang='lat' dir='ltr'><strong>particulae</strong></span> <span class='ocrx_word' id='word_1_281' title='bbox 587 4212 686 4276; x_wconf 89' lang='lat' dir='ltr'><strong>etiam</strong></span> <span class='ocrx_word' id='word_1_282' title='bbox 707 4233 818 4276; x_wconf 82' lang='lat' dir='ltr'><strong>rerum</strong></span> <span class='ocrx_word' id='word_1_283' title='bbox 840 4213 959 4277; x_wconf 90' lang='lat' dir='ltr'><strong>lemma</strong></span> <span class='ocrx_word' id='word_1_284' title='bbox 986 4214 1021 4275; x_wconf 85' lang='grc' dir='ltr'><strong>ἐκ</strong></span> <span class='ocrx_word' id='word_1_285' title='bbox 1046 4214 1076 4275; x_wconf 86' lang='grc' dir='ltr'><strong>Δ’</strong></span> <span class='ocrx_word' id='word_1_286' title='bbox 1109 4212 1255 4298; x_wconf 69' lang='grc' dir='ltr'>ἀπομνηᾷ</span> <span class='ocrx_word' id='word_1_287' title='bbox 1279 4215 1351 4299; x_wconf 89' lang='lat' dir='ltr'><strong>(sic)</strong></span> <span class='ocrx_word' id='word_1_288' title='bbox 1380 4216 1510 4279; x_wconf 87' lang='lat' dir='ltr'><strong>adiecit.</strong></span> 
     </span>
     <span class='ocr_line' id='line_1_33' title="bbox 284 4329 1510 4417; baseline 0 -23"><span class='ocrx_word' id='word_1_289' title='bbox 284 4329 379 4395; x_wconf 88' lang='lat' dir='ltr'><strong>Utin</strong></span> <span class='ocrx_word' id='word_1_290' title='bbox 394 4331 506 4396; x_wconf 91' lang='lat' dir='ltr'><strong>eodem</strong></span> <span class='ocrx_word' id='word_1_291' title='bbox 524 4333 677 4396; x_wconf 87' lang='lat' dir='ltr'><strong>lemmate</strong></span> <span class='ocrx_word' id='word_1_292' title='bbox 693 4331 929 4414; x_wconf 90' lang='lat' dir='ltr'><strong>aliquantulum</strong></span> <span class='ocrx_word' id='word_1_293' title='bbox 945 4332 1127 4413; x_wconf 90' lang='lat' dir='ltr'><strong>persistam,</strong></span> <span class='ocrx_word' id='word_1_294' title='bbox 1142 4331 1227 4396; x_wconf 92' lang='lat' dir='ltr'><strong>idem</strong></span> <span class='ocrx_word' id='word_1_295' title='bbox 1243 4333 1324 4397; x_wconf 91' lang='lat' dir='ltr'><strong>illud</strong></span> <span class='ocrx_word' id='word_1_296' title='bbox 1336 4331 1510 4417; x_wconf 82' lang='grc' dir='ltr'>οωκράτοος</span> 
     </span>
     <span class='ocr_line' id='line_1_34' title="bbox 283 4448 1510 4535; baseline 0.003 -22"><span class='ocrx_word' id='word_1_297' title='bbox 283 4448 463 4533; x_wconf 86' lang='lat' dir='ltr'><strong>praefixum</strong></span> <span class='ocrx_word' id='word_1_298' title='bbox 485 4455 535 4514; x_wconf 91' lang='lat' dir='ltr'><strong>est</strong></span> <span class='ocrx_word' id='word_1_299' title='bbox 557 4449 615 4514; x_wconf 91' lang='lat' dir='ltr'><strong>eol.</strong></span> <span class='ocrx_word' id='word_1_300' title='bbox 640 4454 668 4530; x_wconf 83' lang='lat'><strong>7,</strong></span> <span class='ocrx_word' id='word_1_301' title='bbox 692 4453 741 4513; x_wconf 84' lang='grc'><strong>76.</strong></span> <span class='ocrx_word' id='word_1_302' title='bbox 778 4449 840 4514; x_wconf 86' lang='lat' dir='ltr'><strong>Est</strong></span> <span class='ocrx_word' id='word_1_303' title='bbox 861 4449 951 4517; x_wconf 92' lang='lat' dir='ltr'><strong>locus</strong></span> <span class='ocrx_word' id='word_1_304' title='bbox 966 4449 1115 4516; x_wconf 90' lang='lat' dir='ltr'><strong>Platonis</strong></span> <span class='ocrx_word' id='word_1_305' title='bbox 1135 4472 1175 4516; x_wconf 85' lang='lat' dir='ltr'><strong>ex</strong></span> <span class='ocrx_word' id='word_1_306' title='bbox 1191 4449 1337 4516; x_wconf 85' lang='lat' dir='ltr'><strong>Socratis</strong></span> <span class='ocrx_word' id='word_1_307' title='bbox 1360 4453 1510 4535; x_wconf 89' lang='lat' dir='ltr'><strong>apologia</strong></span> 
     </span>
    </p>
   </div>
   <div class='ocr_carea' id='block_1_4' title="bbox 0 0 1790 5356">
    <p class='ocr_par' dir='ltr' id='par_1_4' title="bbox 0 0 1790 5356">
     <span class='ocr_line' id='line_1_35' title="bbox 0 0 1790 5356; baseline 0 7"><span class='ocrx_word' id='word_1_308' title='bbox 0 0 1790 5356; x_wconf 95' lang='lat' dir='ltr'><strong> </strong></span> 
     </span>
    </p>
   </div>
  </div>
 </body>
</html>
