3570 5356
285 483 303 540 8

288 657 449 742 pullulant
470 657 631 739 quaedam
653 655 784 738 eclogae
808 654 937 719 aliunde
960 676 1023 718 non
1047 655 1196 736 cognitae
1211 691 1254 700 —
1269 660 1344 717 sunt
1361 654 1511 718 Platonis

288 772 412 858 aliquot
439 775 503 839 loci
530 812 572 821 -
597 779 634 838 ut
667 775 742 838 hinc
769 794 896 856 quoque
928 771 1044 836 eadem
1072 793 1144 836 cum
1172 771 1391 853 superioribus
1421 772 1510 854 origo

287 893 524 976 comprobetur.
576 893 666 961 Vicit
699 893 806 974 igitur,
837 897 874 957 ut
907 913 976 955 rem
1008 867 1120 973 paucis
1158 891 1438 973 comprehendam,
1471 913 1510 955 ea

287 1033 371 1094 quae
398 1013 496 1077 etiam
522 1033 582 1096 per
608 1031 643 1074 se
664 1011 737 1094 ipsa
759 1010 997 1094 simplicissima
1026 1014 1075 1072 est
1096 1009 1194 1073 ratio:
1219 1008 1405 1074 Stobaeana
1428 1030 1510 1091 quae

288 1129 399 1194 codice
426 1130 630 1196 Bruxellensi
666 1129 872 1193 continentur
905 1149 989 1192 unus
1024 1126 1174 1211 idemque
1205 1134 1375 1210 excerptor
1402 1133 1508 1191 trans·

288 1249 426 1331 scripsit,
453 1248 593 1332 plurima
621 1268 660 1312 ex
688 1246 796 1329 operis
818 1245 903 1310 libro
927 1245 1034 1326 tertio,
1061 1267 1167 1328 pauca
1190 1245 1351 1328 quaedam
1374 1267 1414 1310 ex
1434 1245 1509 1310 libri

287 1367 395 1448 quarti
416 1366 517 1444 initio,
539 1365 680 1449 denique
699 1365 853 1430 nonnulla
877 1386 960 1447 quae
983 1365 1017 1429 in
1038 1363 1115 1428 libri
1137 1364 1227 1428 tertii
1249 1365 1409 1447 excerptis
1432 1385 1452 1428 a
1474 1385 1508 1428 se

287 1485 406 1548 omissa
429 1505 498 1548 esse
521 1505 617 1567 aegre
639 1483 715 1547 tulit
736 1475 831 1553 idem
845 1488 962 1566 postea
984 1485 1018 1547 in
1042 1482 1131 1548 calce
1154 1483 1282 1547 adiecit.

371 1599 533 1682 Quoniam
560 1602 600 1665 de
628 1602 788 1666 communi
815 1602 941 1666 vinculo
970 1623 1032 1683 quo
1062 1602 1148 1666 inter
1170 1623 1204 1665 se
1228 1603 1434 1666 continentur
1456 1623 1508 1666 ex-

285 1725 397 1803 cerpta
420 1720 495 1799 dixi,
518 1740 603 1783 nunc
623 1720 735 1802 paucis
751 1719 794 1783 ad
809 1719 885 1783 libri
900 1720 1143 1803 inscriptionem
1158 1720 1267 1785 redeo.
1302 1720 1354 1785 Ac
1369 1723 1506 1804 primum

282 1839 442 1902 neminem
476 1837 559 1920 fugit
585 1837 690 1902 verbis
723 1837 757 1902 τὸ
791 1839 826 1901 δέ
858 1861 893 1921 γε
926 1837 1022 1923 παρὸν
1051 1839 1151 1923 τρίτον
1172 1840 1206 1901 ὒν
1230 1839 1348 1923 βιβλίον
1371 1839 1507 1923 περιέχει

285 1957 441 2042 κεφάλαια
469 1953 519 2041 μβ
542 1978 654 2054 eorum
682 1978 765 2039 quae
795 1978 834 2021 ex
863 1957 1004 2039 quinque
1033 1957 1109 2021 libri
1138 1958 1245 2040 quarti
1269 1957 1429 2040 capitibus
1452 1978 1505 2020 ex-

284 2076 405 2157 scripta
427 2081 502 2139 sunt
523 2075 681 2139 rationem
703 2097 768 2139 non
790 2075 912 2140 haberi.
952 2074 1044 2157 Quae
1066 2097 1127 2154 res,
1150 2076 1213 2138 nisi
1233 2073 1371 2139 artificia
1387 2077 1506 2138 sectari

283 2193 435 2273 volemus,
458 2194 554 2258 facile
577 2195 623 2258 ita
647 2194 872 2277 explicabitur,
906 2199 943 2256 ut
969 2194 1075 2277 ipsum
1108 2199 1331 2276 excerptorem
1351 2195 1384 2256 in
1407 2195 1507 2259 totius

284 2312 426 2395 syllegae
468 2313 573 2377 fronte
614 2314 682 2377 eius
717 2318 843 2377 tantum
880 2311 956 2376 libri
995 2313 1184 2377 memoriam
1219 2311 1327 2375 facere
1367 2313 1505 2377 voluisse

285 2435 434 2511 putemus
449 2430 535 2494 intra
551 2451 655 2512 quem,
671 2432 698 2494 si
713 2452 734 2494 a
749 2431 890 2514 quinque
905 2431 968 2494 illis
981 2453 1064 2514 quae
1077 2432 1141 2495 dixi
1152 2430 1312 2513 capitibus
1324 2433 1506 2508 recesseris,

282 2550 389 2612 omnia
412 2571 470 2613 sua
493 2553 647 2630 excerpta
671 2549 838 2612 continuit.
874 2549 1030 2613 Fortasse
1053 2549 1229 2613 coniecerit
1248 2549 1363 2630 aliquis
1385 2549 1442 2613 ubi
1464 2549 1504 2612 de

281 2667 470 2749 apographo
505 2673 622 2748 agatur
651 2668 731 2730 satis
758 2669 881 2731 recenti
911 2668 979 2732 veri
1006 2668 1095 2733 haud
1123 2667 1277 2731 dissimile
1306 2686 1377 2730 esse
1407 2669 1505 2732 etiam

281 2790 356 2848 ante
386 2789 484 2867 caput
515 2785 797 2874 quadragesimum
828 2788 960 2850 tertium
982 2788 1057 2851 novi
1077 2785 1153 2849 libri
1176 2784 1341 2849 exordium
1364 2785 1504 2850 breviter

282 2904 358 2967 olim
372 2904 550 2969 indicatum
566 2904 675 2969 luisse.
711 2903 831 2988 Atqui
847 2905 1101 2968 consideraverit
1116 2903 1290 2987 quomodo
1305 2904 1405 2969 verba
1421 2904 1454 2967 τὸ
1472 2905 1504 2968 δέ

280 3044 316 3103 γε
337 3021 433 3104 παρὸν
455 3018 554 3106 τρίτον
575 3024 610 3084 ὒν
636 3020 754 3105 βιβλίον
769 3025 832 3087 κτὲ.
860 3021 943 3086 'cum
959 3025 1004 3087 eis
1020 3044 1103 3104 quae
1120 3023 1316 3087 antecedunt
1332 3025 1504 3088 coniuncta

258 3129 354 3216 sint,
383 3143 412 3203 ei
437 3142 535 3204 verba
562 3141 618 3204 illa
646 3140 690 3206 ad
711 3147 815 3205 totam
838 3143 945 3223 potius
969 3142 1124 3226 syllogam
1147 3146 1296 3223 spectare
1318 3161 1382 3204 non
1402 3141 1503 3204 videri

279 3279 344 3322 non
365 3265 526 3341 poterunt.
563 3260 637 3325 Iam
658 3279 733 3322 vero
757 3265 793 3322 ut
815 3259 855 3324 de
878 3261 966 3325 fonte
990 3283 1100 3324 eorum
1125 3281 1209 3342 quae
1232 3260 1430 3323 antecedunt
1445 3261 1502 3323 ali-

280 3377 358 3459 quid
373 3378 522 3457 addatur,
538 3378 622 3442 hanc
636 3377 767 3442 brevem
784 3378 824 3442 de
839 3380 965 3461 integro
982 3401 1079 3461 opere
1096 3376 1281 3443 Stobaeano
1297 3378 1447 3444 notitiam
1463 3401 1503 3442 ex

279 3497 380 3578 ipsius
408 3497 515 3579 potius
537 3493 672 3560 Stobaei
694 3493 896 3578 praefatione
919 3497 1049 3562 fluxisse
1072 3477 1164 3560 nobis
1188 3497 1284 3561 hodie
1308 3504 1420 3580 erepta
1441 3519 1501 3561 nec

279 3635 318 3676 ex
332 3612 443 3677 Photii
465 3614 577 3678 codice
593 3612 762 3682 CLXVII
784 3615 818 3679 id
841 3617 924 3680 serio
948 3616 1044 3680 hodie
1066 3617 1118 3679 vix
1141 3616 1312 3699 quisquam
1333 3613 1500 3680 obtinebit.

278 3732 369 3796 Nihil
396 3739 445 3796 est
475 3733 508 3795 in
537 3732 718 3796 macilentis
741 3733 791 3796 his
815 3733 925 3798 frustis
949 3741 998 3797 est
1020 3734 1107 3816 quod
1129 3754 1193 3797 non
1216 3756 1256 3796 ex
1277 3733 1396 3797 Photio
1419 3735 1500 3816 peti-

277 3857 347 3914 tum
370 3853 420 3913 sit.
455 3851 611 3915 Fortasse
635 3851 755 3916 obiciet
776 3852 854 3915 mihi
876 3852 993 3933 aliquis
1015 3852 1050 3914 id
1073 3853 1159 3932 quod
1181 3851 1265 3914 infra
1280 3852 1424 3932 apertius
1440 3853 1502 3915 erit

277 3969 525 4034 Bruxellensem
548 3971 668 4052 eclogis
692 3971 791 4034 etiam
813 3971 903 4033 novis
928 3970 1080 4047 eminere,
1106 3976 1142 4034 ut
1156 3971 1218 4034 hac
1234 3992 1274 4034 ex
1288 3976 1382 4052 parte
1398 3992 1501 4054 paene

278 4109 352 4151 cum
387 4087 608 4153 Laurentiano
648 4095 837 4153 concertare
871 4088 983 4170 possit.
1037 4087 1090 4152 Ac
1128 4089 1155 4153 si
1189 4110 1298 4154 verum
1333 4095 1383 4154 est
1416 4092 1502 4174 quod

276 4206 543 4271 Waohsmuthius
571 4207 666 4271 evicit
688 4205 793 4272 ‘stud
825 4229 864 4272 zu
897 4206 959 4270 den
987 4229 1033 4290 gr.
1057 4207 1181 4272 Floril’
1210 4231 1241 4292 p.
1272 4214 1311 4272 68
1339 4229 1385 4292 sq.
1415 4209 1502 4274 flori·

276 4325 396 4408 legium
417 4325 675 4390 Laurentianum
698 4347 738 4388 ex
761 4326 872 4390 codice
896 4327 1094 4411 descriptum
1116 4348 1186 4392 esse
1202 4321 1265 4411 quo
1281 4335 1381 4394 totam
1396 4327 1502 4393 adhuc

276 4450 429 4526 quattuor
466 4443 622 4508 librorum
663 4443 885 4524 anthologiam
924 4445 1160 4523 continebatur,
1204 4467 1262 4510 our
1297 4447 1503 4524 Bruxellensi
