3570 5356
1474 431 1510 488 15

282 609 358 672 inde
382 629 417 672 sc
439 607 528 692 passi
550 613 625 672 sunt
647 609 821 691 prohiberi,
846 609 934 692 quod
952 629 1034 673 unus
1049 606 1171 672 alterne
1187 605 1289 671 codex
1305 603 1510 670 Stobaeanus

284 726 540 804 desiderabatur,
565 747 629 810 quo
653 727 775 792 ordinis
797 728 935 792 novitati
955 727 1110 810 novisque
1134 724 1255 807 eclogis
1278 721 1402 807 aliquid
1416 744 1509 806 prae-

284 844 356 908 sidii
379 851 593 910 accresceret.
630 843 876 910 Bruxellensem
890 846 1050 930 praebere
1065 843 1153 928 quod
1168 846 1341 924 exoptatur
1356 840 1509 906 auxilium

283 963 403 1028 tabulis
425 964 510 1029 infra
532 964 646 1047 positis
669 965 876 1029 manifestum
899 966 969 1029 erit.
1006 964 1059 1028 Ex
1072 960 1286 1028 Laurentiani
1308 964 1418 1025 autem
1434 979 1509 1023 con·

282 1102 378 1146 seusu
404 1083 476 1147 fieri
501 1103 565 1146 non
591 1084 712 1165 poterit
738 1083 815 1167 quin
838 1085 936 1148 etiam
958 1080 1179 1147 Bruxellensis
1203 1077 1395 1161 dignitatem
1418 1098 1507 1141 suam

281 1207 461 1284 recuperet.
507 1197 605 1280 Quod
630 1222 671 1265 nc
692 1203 807 1267 vitioso
831 1200 1078 1284 argumentandi
1101 1198 1193 1281 quasi
1216 1196 1337 1260 circulo
1360 1195 1509 1260 adsecuti

253 1329 257 1336 '
284 1339 354 1382 esse
377 1320 551 1400 videamur,
577 1322 675 1385 etiam
689 1321 840 1385 Parisino
855 1319 1140 1402 Esoorialensique
1162 1338 1236 1381 cum
1250 1315 1359 1380 fructu
1373 1314 1507 1380 adscitis

282 1437 366 1502 infra
389 1443 519 1502 cautum
542 1439 613 1503 erit.
651 1439 748 1504 Nunc
768 1438 867 1504 Brux.
891 1462 965 1505 cum
979 1436 1210 1503 laurentianis
1233 1452 1399 1516 compono,
1423 1453 1506 1515 quae

283 1555 324 1619 ab
366 1557 529 1621 erroribus
567 1557 843 1640 neglegentiisque
877 1555 1039 1622 Sartianis
1071 1555 1225 1620 immunia
1257 1551 1395 1617 reddere
1428 1551 1507 1614 mihi

284 1674 377 1766 licuit
398 1675 605 1758 Rudolphi
628 1674 822 1741 Schoellii
843 1674 1149 1757 Wachsmuthiique
1177 1671 1386 1736 collationum
1407 1669 1506 1733 bene·

282 1792 364 1857 ficio.
414 1794 554 1859 Praetor
586 1796 863 1878 comparationem
896 1818 970 1861 cum
998 1795 1107 1860 Brux.-
1130 1779 1314 1855 institutam
1340 1790 1378 1854 ‘in
1404 1787 1504 1852 Laur.

282 1912 359 1974 solis
380 1914 566 1994 eclogarum
580 1914 721 1978 numeris
736 1920 811 1978 utor
827 1914 991 1996 corrigens
1007 1920 1118 1978 tamen
1134 1909 1302 1976 Gaisfordi
1315 1908 1349 1971 in
1363 1907 1504 1971 numeris

282 2014 408 2094 errores
442 2052 502 2096 nec
534 2053 599 2096 non
633 2032 784 2116 supplens
821 2031 964 2097 Sartium
996 2031 1054 2095 ubi
1085 2036 1172 2096 totas
1211 2029 1339 2112 eclogas
1376 2027 1504 2090 silentio

281 2150 509 2230 praetermisit.
553 2147 707 2215 Ceterum
731 2152 829 2214 etiam
850 2150 1090 2215 rubricatorum
1111 2149 1217 2213 futilia
1239 2145 1327 2212 haud
1348 2165 1422 2210 raro
1445 2145 1505 2210 ini·

282 2268 407 2332 tialium
430 2270 634 2372 suplementa
654 2271 780 2334 intacta
801 2269 927 2352 reliqui.

739 2669 818 2757 slepi
842 2673 1048 2760 σωφροσύνης.

313 2913 385 2961 Flor.
403 2913 484 2962 Laur
502 2929 527 2976 p.
548 2917 734 2976 15725—17814
753 2913 836 2963 Mein
1031 2914 1097 2963 Exc.
1120 2915 1201 2964 Brux.
1220 2915 1237 2963 f.
1258 2913 1388 2965 25f-25f.

282 3033 339 3089 515
359 3018 418 3098 Οὐχ
437 3026 451 3079 t
465 3022 593 3088 Διόνυσος
606 3033 646 3095 (in
656 3033 709 3082 fine
721 3027 865 3100 Ευριπίδου
918 3047 969 3082 cm

314 3091 445 3167 Βακχῶν)

280 3170 336 3226 5,16
576 3207 581 3218 ,
918 3181 970 3216 om.

281 3238 339 3293 5,14
917 3249 969 3284 om.
1038 3277 1041 3283 .

283 3305 339 3360 5,13
356 3291 402 3354 Ως
413 3298 509 3382 ἡμέρα
918 3307 975 3363 5,13
995 3299 1176 3368 σοφοκλέους·
1197 3304 1233 3360 ὡς
1251 3303 1340 3375 ἡμέρα

283 3337 467 3436 5,ε9Μνάνδρ
471 3383 509 3419 ου.
547 3363 675 3436 Ταμιεῖον
695 3367 793 3440 ἀρετῆς
915 3384 968 3419 om.

282 3439 356 3496 5,119
916 3452 969 3486 om.

281 3508 355 3564 5,120
917 3520 968 3553 om.

279 3575 353 3632 5,135
916 3587 968 3620 om.

281 3642 355 3699 5,118
916 3654 968 3688 om.

280 3711 354 3768 5,128
916 3722 969 3756 om.

282 3781 357 3836 5,130
371 3769 495 3841 (Elaeos
504 3771 661 3840 συμποσίου
673 3771 806 3848 Πᾶσαγὰρ

281 3848 355 3903 5,135
375 3858 478 3892 consec.
497 3858 559 3892 cum
576 3850 623 3894 an
625 3859 662 3895 eo
1001 3849 1076 3906 5,123
1094 3842 1215 3917 μδημενέ

280 3915 353 3974 5,121
372 3903 423 3961 Εκ
441 3925 490 3976 της
507 3904 677 3961 Nrroluoc
665 3909 736 3965 ἐθῶν
793 3786 862 4029 ρξῦἵ
926 3869 1024 3959 f
1001 3861 1269 3983 suatopluc
1289 3914 1338 3988 -pd

314 3983 477 4045 συναγωγῆς
509 3969 634 4048 Hlirlpmv

281 4053 337 4108 5,50
916 4065 967 4100 om.

281 4119 335 4172 5,51
915 4133 968 4167 om.

281 4185 354 4241 5,122
915 4200 967 4234 0111.

283 4255 357 4310 5,123
376 4239 536 4318 Μενέδημος
996 4276 1071 4333 5,130
1089 4271 1245 4333 alelmum·
1263 4280 1335 4327 πᾶσα
1353 4275 1402 4346 γὰρ

282 4355 339 4410 5,74
352 4322 472 4469 'Ecpbdk
474 4367 491 4399 a
508 4359 572 4400 σου
587 4351 768 4426 κατὰΤιμάρ-
779 4286 849 4466 is
921 4325 964 4412 35
995 4356 1046 4390 0¹1¹·
1107 4417 1114 4424 .

315 4433 376 4488 χσυ.
436 4415 559 4489 ὔτωγὰρ
996 4409 1277 4479 5,121ν111·ἰβήρων
