3570 5356
1445 506 1486 564 27

262 687 400 751 decursu
437 708 458 751 a
497 685 633 770 pristino
662 682 737 749 libri
770 683 882 748 ordine
923 683 1048 748 librarii
1087 683 1136 748 rel
1171 686 1377 765 excerptores
1409 682 1481 766 plus

262 806 367 869 minus
402 804 607 882 deficiebant,
645 823 708 868 non
741 823 918 886 numquam
948 807 985 866 ut
1011 823 1088 867 vera
1120 801 1228 884 imago
1260 805 1317 864 aut
1350 821 1484 883 prorsus

263 923 438 988 obscurata
461 925 503 987 sit
524 929 581 988 aut
603 943 683 1005 opus
711 921 754 984 sit
785 940 941 1003 operosae
973 919 1202 1004 disputationis
1225 917 1426 1000 ambagibus,
1458 920 1482 982 si

176 1063 179 1068 ·
263 1041 334 1124 quis
366 1040 510 1106 ordinem
537 1041 761 1122 redintegrare
789 1038 883 1102 volet.
915 1035 983 1102 Sed
1016 1038 1078 1103 hoc
1107 1037 1202 1102 simul
1232 1036 1398 1101 observari
1425 1059 1485 1120 po·

262 1164 341 1226 test:
369 1160 468 1224 etiam
489 1159 546 1222 ubi
567 1159 725 1223 alteruter
750 1156 801 1220 vel
823 1155 856 1220 A
870 1156 921 1220 vel
935 1157 1036 1222 Brux.
1070 1178 1163 1222 suum
1178 1156 1286 1239 potius
1312 1155 1483 1220 arbitrium

263 1297 360 1358 quam
411 1297 612 1341 communem
662 1277 831 1359 utriusque
885 1275 1008 1340 fontem
1064 1273 1292 1358 sequebantur,
1355 1274 1484 1355 pristini

264 1394 385 1459 ordinis
418 1396 554 1477 vestigia
586 1393 674 1460 haud
705 1416 810 1477 pauca
842 1399 1077 1459 remanserunt.
1127 1392 1238 1458 Mitto·
1255 1399 1352 1473 caput
1378 1413 1487 1459 secun-

263 1513 348 1590 dum,
384 1534 448 1596 quo
470 1513 594 1577 laesum
617 1533 689 1577 esse
711 1514 884 1594 genuinum
907 1513 1053 1578 ordinem
1075 1512 1109 1575 in
1129 1510 1163 1575 A
1197 1512 1248 1575 vel
1280 1511 1355 1576 inde
1378 1516 1486 1594 patet,

266 1630 353 1716 quod
368 1630 436 1695 fere
465 1630 614 1695 similiter
641 1637 741 1715 atque
768 1632 800 1695 in
833 1630 928 1696 editis
959 1635 1130 1713 poetarum
1158 1630 1291 1712 eclogae
1326 1650 1389 1694 non
1423 1653 1488 1696 uno

267 1755 379 1812 tenore
423 1749 660 1814 exscribuntur.
714 1750 756 1813 In
797 1751 906 1833 capite
943 1749 1035 1814 tertio
1083 1749 1169 1831 quod
1206 1746 1274 1831 περὶ
1312 1750 1486 1833 φρονήσεως

257 1865 454 1932 'inscribitur
499 1872 644 1954 quamvis
683 1869 716 1932 in
750 1868 883 1951 singulis
910 1868 1080 1932 discedant
1120 1873 1256 1949 uterque
1303 1871 1412 1931 tamen
1446 1869 1487 1932 ab

267 1983 382 2048 eadem
425 1987 541 2070 incipit
583 1986 696 2069 ecloga
732 1983 936 2051 Menandros
976 1985 1095 2048 ἅπαντα
1132 1987 1228 2048 δαῦλα
1264 1990 1308 2068 τῷ
1340 1990 1405 2071 (τοῦ
1445 1985 1489 2072 A)

267 2101 389 2184 φρονεῖν
411 2100 596 2166 καθίσταται
619 2108 730 2190 (3,11).
761 2105 891 2169 Deinde
920 2106 1001 2169 haec
1024 2103 1111 2185 apud
1145 2124 1199 2167 eos
1234 2103 1348 2168 eodem
1377 2105 1488 2170 ordine

267 2219 456 2284 decurrunt:
499 2226 549 2286 55.
589 2229 640 2288 49.
675 2228 737 2304 [50.
775 2229 824 2287 51.
860 2243 921 2286 om.
954 2220 1067 2308 Brun]
1099 2225 1150 2284 45.
1196 2218 1306 2303 Capiti
1333 2229 1490 2303 quartos

267 2335 368 2402 Brux.
405 2341 558 2404 inseritur
595 2341 653 2404 ecl.
695 2347 724 2419 8,
763 2346 813 2419 22,
835 2342 914 2404 item
936 2323 971 2404 ‘a
1004 2339 1155 2403 Parisino
1190 2344 1223 2402 et
1261 2339 1488 2406 Escorialensi.
1516 2325 1518 2330 ⁵

274 2454 387 2534 Quinc·
403 2457 520 2540 capitis
535 2459 634 2523 hasce
650 2458 780 2540 eclogas
804 2479 842 2524 ex
859 2459 971 2524 ordine
988 2457 1129 2521 Parisini
1145 2457 1315 2522 adscribo:
1331 2457 1352 2522 f.
1373 2464 1427 2523 13v
1442 2482 1490 2543 sq.

270 2577 338 2636 119.
374 2579 443 2639 120.
480 2579 550 2641 136.
587 2582 657 2641 118.
695 2582 764 2642 128.
802 2582 871 2642 130.
908 2581 977 2643 121.
1025 2580 1094 2639 122.
1124 2580 1194 2639 123.
1219 2581 1268 2639 74.
1293 2580 1342 2641 75.
1367 2583 1417 2642 76.
1441 2585 1491 2645 77.

236 2696 318 2755 ν78.
344 2696 392 2756 79.
416 2699 467 2760 80.
493 2693 599 2778 Quam
624 2696 869 2779 dispositionem
897 2696 925 2760 si
959 2695 1030 2779 quis
1065 2699 1239 2777 componat
1272 2715 1344 2759 curn
1378 2697 1489 2762 ordine

267 2808 489 2877 Bruxeliensis
512 2813 791 2896 Laurentianique
824 2834 923 2896 supra
950 2812 1105 2891 exhibito,
1127 2812 1340 2877 Laurentiani
1362 2817 1492 2897 potissi-

268 2949 355 2991 mum
393 2929 514 2995 ordinis
553 2932 795 2997 similitudinem
833 2936 998 3015 agnoscet.
1053 2929 1125 2994 Nec
1162 2951 1226 2994 non
1262 2931 1296 2993 in
1331 2932 1380 2995 his
1418 2954 1492 2998 cum

270 3047 304 3109 A
338 3050 544 3113 consentiunt
571 3049 671 3114 Laur.
707 3055 740 3114 et
760 3050 876 3114 Brux.:
911 3055 938 3127 5,
962 3053 1012 3112 83.
1042 3050 1097 3134 [59
1127 3069 1187 3112 om.
1215 3047 1328 3136 Brun]
1364 3054 1412 3117 60.
1443 3057 1492 3118 61.

271 3165 471 3250 Discrepant
493 3169 578 3231 inter
606 3189 640 3231 se
667 3168 700 3230 in
728 3170 834 3251 capite
856 3173 954 3232 scorto.
998 3164 1065 3230 Sed
1092 3172 1130 3230 ut
1150 3169 1183 3230 in
1197 3167 1296 3233 Laur.
1316 3168 1363 3232 sic
1394 3171 1493 3235 etiarn

269 3283 303 3345 in
317 3283 468 3349 Parisino
492 3285 550 3350 ecl.
574 3291 602 3364 6,
629 3291 666 3349 17
690 3292 723 3350 et
746 3291 773 3362 6,
799 3290 839 3348 38
861 3285 985 3350 vicinae
1003 3288 1132 3348 exstant
1147 3292 1179 3350 et
1195 3287 1282 3369 quod
1298 3288 1428 3368 gravius
1444 3297 1494 3355 est

271 3421 291 3460 a
324 3400 440 3482 quibus
470 3402 503 3465 in
533 3403 633 3467 Laur.
659 3408 758 3487 caput
787 3403 901 3487 incipit
924 3408 952 3480 6,
977 3408 1027 3467 22.
1053 3409 1100 3467 18.
1132 3408 1179 3467 19.
1208 3410 1258 3470 20.
1286 3412 1323 3469 21
1350 3429 1376 3471 e.
1405 3430 1435 3490 q.
1459 3431 1494 3489 s.,

271 3518 312 3581 ab
357 3520 479 3583 eisdem
517 3521 616 3584 etiam
651 3523 684 3585 in
715 3523 750 3585 A
786 3523 914 3587 initium
950 3523 1048 3586 sumit
1087 3523 1120 3606 (f.
1159 3523 1224 3611 15¹)
1263 3525 1414 3590 nimirum
1451 3528 1493 3592 ab

270 3638 392 3720 eclogis
418 3643 464 3701 18.
490 3643 539 3703 19.
563 3644 613 3703 20.
637 3645 686 3705 21.
711 3645 750 3704 22
775 3661 801 3704 e.
826 3664 855 3724 q.
879 3663 913 3720 s.,
943 3646 981 3705 ut
1009 3661 1092 3704 unus
1121 3646 1248 3704 tantum
1278 3665 1429 3708 numerus
1453 3651 1492 3709 22

268 3755 302 3819 in
325 3756 483 3821 alterutro
507 3758 635 3843 (opinor
655 3759 689 3823 in
703 3757 751 3846 A)
775 3779 833 3823 sua
849 3759 927 3824 sede
943 3758 1095 3841 expulsus
1111 3758 1162 3822 sit.
1201 3755 1289 3838 Quid
1304 3760 1365 3825 hoc
1382 3763 1493 3828 ordine

268 3874 430 3940 lucremur
445 3877 478 3939 in
493 3877 666 3961 propatulo
683 3884 746 3944 est:
762 3884 932 3962 poetarum
947 3899 1058 3942 versus
1074 3898 1158 3941 nuno
1175 3877 1274 3940 etiam
1289 3877 1323 3941 in
1335 3886 1425 3944 sexto
1439 3902 1492 3946 ca-

268 3995 335 4077 pite
348 4016 462 4077 agmen
478 3996 609 4076 ducunt,
625 3996 713 4080 quod
727 4000 843 4063 misere
855 3997 1038 4080 neglegitur
1049 3996 1082 4058 in
1094 3995 1198 4058 editis.
1232 3995 1365 4078 Septimi
1378 3999 1493 4081 capitis

272 4112 331 4175 ecl.
355 4118 394 4176 75
423 4115 457 4178 in
479 4114 579 4180 Brux.
610 4116 708 4181 datur
741 4117 841 4198 capiti
874 4117 987 4198 primo,
1021 4116 1100 4178 item
1133 4114 1165 4177 in
1197 4113 1230 4178 A
1266 4119 1299 4178 et
1331 4114 1378 4179 M.
1422 4115 1495 4180 Nec

272 4249 336 4293 non
361 4251 398 4294 eo
426 4236 631 4299 consentiunt
658 4242 725 4300 tres
758 4233 887 4298 codices
922 4232 1008 4315 quod
1040 4233 1172 4314 eclogae
1194 4234 1336 4315 priorem
1369 4239 1496 4298 tantum

272 4354 400 4430 partem
430 4351 582 4416 exhibent
610 4374 712 4436 usque
743 4351 785 4416 ad
808 4351 989 4434 ἐπιγελάσαι
1021 4373 1048 4415 r.
1071 4351 1090 4413 1
1116 4372 1146 4433 p.
1174 4356 1261 4434 178„
1293 4350 1340 4451 M.
1384 4352 1496 4416 Etiam

271 4467 333 4532 hoc
361 4467 433 4532 loco
461 4467 624 4535 aberravit
653 4467 856 4536 Gaisfordus.
909 4468 1033 4534 Notam
1055 4469 1069 4510 ‘¹
1091 4470 1178 4551 apud
1207 4466 1326 4534 Garsi:
1361 4466 1496 4552 ’λέγεται
