3570 5356
1475 491 1676 584 9ο.

268 661 499 744 denegabimus
527 663 614 746 quod
641 663 785 728 nonnulli
812 665 863 728 vel
884 661 1080 745 Angelicani
1111 662 1305 745 gnomologii
1332 664 1506 729 conditori
1559 651 1561 655 ⁸

267 755 512 861 largiebantur?
556 780 603 845 Ut
631 784 789 846 incertam
819 781 859 846 de
881 781 1106 864 Angelicauae
1132 781 1350 847 bibliothecae
1382 783 1491 847 codice

266 919 336 962 rem
358 921 444 962 nunc
466 900 594 964 mittam
618 899 673 982 (cf.
689 900 834 966 Dilesius
849 902 993 982 Dexogr.
1016 923 1046 982 p.
1068 905 1108 984 32
1125 924 1155 965 n.
1174 905 1200 979 l,
1223 900 1491 965 Wachsmuthius
1530 877 1532 882 Ι

269 1016 289 1080 l.
314 1039 338 1080 s.
361 1040 392 1100 p.
417 1021 478 1100 55),
508 1018 547 1080 de
574 1017 778 1082 Bruxellensi
807 1019 954 1102 quaestio
977 1039 1040 1083 uno
1065 1020 1179 1101 opinor
1201 1019 1297 1083 verbo
1320 1018 1493 1100 profligata

270 1136 344 1199 erit:
379 1137 486 1219 operis
515 1133 693 1200 Stobaeani
723 1137 824 1201 libros
857 1137 936 1202 duos
970 1137 1093 1219 priores
1124 1159 1204 1220 quos
1232 1138 1415 1221 plenissime
1439 1157 1492 1200 ex·

269 1254 379 1318 hausit
400 1254 650 1333 Laurentianus,
676 1254 895 1319 Bruxellensis
918 1277 957 1319 ne
981 1256 1090 1336 tetigit
1112 1255 1251 1338 quidem.
1295 1255 1371 1319 Nisi
1394 1255 1492 1337 igitur

269 1372 412 1437 volemus
436 1373 528 1454 quasi
549 1375 583 1435 in
606 1374 695 1438 clara
717 1374 789 1440 luce
811 1375 983 1453 caecutire,
1009 1373 1154 1438 codicem
1169 1397 1208 1437 ex
1223 1393 1286 1455 quo
1301 1373 1491 1437 Bruxellen-

268 1492 311 1555 sis
334 1513 392 1556 sua
416 1492 587 1574 descripsit
613 1492 655 1556 ad
678 1513 749 1556 eam
772 1493 879 1574 potius
902 1496 1044 1556 aetatem
1066 1493 1242 1557 referamus
1264 1511 1397 1556 necesse
1421 1492 1491 1569 erit,

269 1631 332 1692 qua
359 1616 463 1674 totum
490 1615 643 1692 quattuor
669 1610 826 1703 librorum
854 1611 1075 1692 anthologium
1102 1611 1168 1674 iam
1194 1610 1228 1672 in
1256 1609 1318 1672 duo
1341 1609 1490 1672 binorum

268 1726 423 1791 librorum
446 1728 608 1794 volumina
631 1728 731 1793 dividi
754 1736 904 1812 coeptum
927 1735 1005 1793 erat.
1045 1729 1235 1793 Recentiori
1257 1729 1332 1792 huic
1353 1727 1490 1792 Bruxel-

268 1847 367 1910 lensis
396 1848 497 1911 aetati
526 1849 676 1930 congruit
704 1847 790 1930 quod
819 1849 852 1910 in
879 1848 925 1912 eis
952 1848 1099 1931 partibus
1128 1868 1208 1930 quas
1232 1845 1326 1910 ambo
1351 1845 1491 1929 exscrip-

269 1969 380 2029 serunt
405 1966 486 2029 nihil
508 1966 608 2030 habet
630 1966 740 2046 Brux,
771 1966 859 2051 quod
880 1989 945 2031 non
966 1968 998 2029 in
1021 1965 1120 2029 Laur.
1144 1970 1340 2048 compareat.
1384 1964 1437 2028 Ac
1464 1966 1491 2028 si

268 2084 432 2148 tenebitur
449 2105 510 2168 quo
528 2085 567 2148 de
583 2086 648 2147 iam
662 2106 755 2150 nemo
772 2085 924 2167 ambigat,
943 2105 1008 2148 non
1023 2084 1085 2147 nisi
1100 2083 1267 2165 Florilegii
1284 2106 1313 2166 q.
1332 2083 1362 2148 d.
1378 2083 1490 2148 codice

267 2223 361 2267 usum
376 2223 446 2267 esse
462 2203 717 2282 Bruxellensem,
739 2204 814 2268 inde
831 2204 910 2267 satis
927 2201 1092 2266 commode
1108 2203 1205 2266 etiam
1222 2201 1410 2284 explicatur,
1435 2223 1492 2265 eur

267 2320 377 2385 Photii
389 2321 621 2385 bibliothecam
634 2322 673 2385 de
686 2327 755 2385 toto
768 2319 1059 2404 opereStobaeano
1068 2321 1273 2385 consuluerit.
1294 2319 1491 2402 Repperisse

268 2441 417 2504 nimirum
441 2440 603 2523 putandus
627 2441 689 2504 erit
703 2440 736 2502 in
751 2441 842 2504 initio
858 2441 907 2504 sui
923 2439 1044 2504 codicis
1059 2441 1146 2504 tertii
1159 2439 1233 2503 libri
1249 2439 1491 2520 inscriptionem

203 2569 207 2578 '
269 2558 368 2622 talem
389 2559 466 2637 fere,
491 2559 619 2641 qualern
642 2559 740 2623 etiam
762 2559 902 2623 nuncin
926 2559 1038 2622 codice
1061 2557 1307 2625 Vindobonensi
1330 2564 1491 2623 servatam

269 2697 338 2740 esse
361 2682 473 2741 notum
497 2684 546 2740 est
568 2685 644 2742 ante
669 2699 694 2742 c.
711 2683 751 2742 43
768 2676 910 2740 Ἰωάννου
928 2673 1070 2760 οτοβοάου
1088 2677 1225 2758 ἐκλογῶν
1242 2673 1491 2759 ἀποφθεγμάτων

271 2795 436 2890 buobarde
462 2793 591 2891 ἄρχεται
608 2793 725 2882 βιβλίον
741 2782 776 2878 θ,
799 2802 836 2859 ut
850 2797 919 2858 iure
935 2795 1122 2872 haesitaret,
1146 2816 1286 2876 quonam
1308 2796 1395 2860 tertii
1417 2796 1490 2859 libri
1513 2825 1515 2832 ¹

176 2997 184 3010 Ι
269 2935 419 2978 numerus
443 2920 608 2996 spectaret
630 2915 664 2978 in
687 2916 787 2979 totius
809 2919 846 2978 ut
867 2913 1038 2976 videbatur
1061 2913 1166 2996 operis
1188 2912 1280 2976 initio
1304 2913 1490 2979 collocatus.

269 3031 365 3096 Adiit
386 3034 485 3115 igitur
500 3033 612 3098 Photii
634 3033 895 3109 bibliothecam,
921 3031 1005 3096 unde
1020 3032 1104 3096 hanc
1121 3031 1182 3095 sibi
1198 3031 1376 3113 desumpsit
1392 3033 1491 3096 totius

269 3153 375 3235 operis
398 3153 549 3216 notitiam
570 3153 777 3217 litterariam:
1129 3151 1132 3157 ’

169 3310 180 3336 ’
269 3336 363 3403 rhos
379 3337 628 3406 sosonxvrr
641 3337 848 3422 p.112Bekk.
1106 3336 1205 3400 sax.
1229 3335 1250 3399 f.
1276 3341 1307 3398 1r
1387 3417 1391 3424 Ι

310 3469 499 3557 Ἀνεγνώοθη
529 3469 670 3535 Ἰωάννου
703 3470 852 3555 Στοβαίου
947 3467 1084 3553 Ἐκλογὴ
1118 3471 1176 3533 ἀπὸ
1208 3475 1260 3532 τοῦ
1290 3470 1410 3553 βιβλίου
1439 3476 1490 3533 τοῦ

269 3589 404 3673 ἐκλογῶν
421 3593 670 3677 ἀποφθεγμάτων
687 3591 854 3675 ὑποθηκῶν
906 3589 1087 3672 ποιηθέντος
1110 3588 1262 3674 Ἰωάννῃ1
1292 3596 1335 3672 τῷ
1359 3587 1491 3674 οτοβαίῳ

270 3707 374 3793 βιβλία
405 3710 537 3796 τέσσαρα
564 3713 595 3775 ἐν
623 3712 746 3794 τεύχεσι
776 3705 852 3771 δυσί·
906 3709 1043 3790 ἐκλογῶν
1070 3708 1319 3792 ἀποφθεγμάτων
1346 3705 1396 3770 καὶ
1420 3711 1491 3771 ὑπο-

269 3831 445 3912 προοφωνεῖ
460 3831 493 3894 δὲ
508 3834 611 3908 ταῦτα,
631 3824 715 3893 διέθν
732 3826 782 3890 καὶ
799 3828 853 3910 τὴν
906 3827 1022 3911 θηκῶν.
1034 3827 1223 3911 εὑρίσκονται
1235 3821 1491 3908 θὲβιβλίατὲοοοι-

268 3945 460 4030 ουνάθροιοιν
511 3954 712 4034 φιλοπονῆσαι
761 3949 853 4030 λέγει,
870 3963 884 4007 5
904 3969 950 4030 ρα.
972 3947 1149 4030 προσφωνεῖ
1165 3948 1198 4008 δὲ
1213 3947 1309 4007 ταῦτα
1324 3943 1397 4028 πρὸς
1412 3943 1489 4005 Σεπ-

269 4061 425 4150 Σεπτιμίῳ
462 4065 530 4153 ἰδίῳ
572 4065 780 4153 υἱῷ....ἔοτι
819 4065 852 4128 δὲ
905 4063 1005 4148 τίμιον
1032 4060 1109 4127 ἴδιον
1132 4063 1204 4127 υἱόν.
1251 4061 1314 4125 ἔστι
1337 4061 1370 4124 δὲ
1392 4062 1491 4123 αὐτῶν

268 4183 350 4268 αὐτῷ
368 4184 401 4248 τὸ
427 4185 481 4266 μὲν
497 4192 617 4270 πρῶτον
634 4187 751 4271 βιβλίον
767 4208 852 4270 poor·
906 4183 939 4246 τὸ
972 4183 1025 4265 μὲν
1054 4189 1173 4267 πρῶτον
1204 4179 1323 4267 βιβλίον
1356 4183 1491 4265 φυσικόν,

336 4387 475 4462 1Ἰωάννῃ
493 4410 542 4458 pro
560 4387 685 4444 Ἰωάννου
704 4397 733 4444 P.
753 4395 877 4443 Thomas.
913 4393 1004 4441 Pauca
1023 4391 1076 4440 alia
1093 4391 1121 4438 id
1139 4405 1222 4453 genus
1241 4404 1309 4452 quae
1328 4389 1385 4438 cod.
1406 4388 1489 4438 habet

264 4477 347 4528 tacite
365 4479 478 4531 correxi.
