3570 5356
264 457 302 516 12

263 639 304 698 28
334 635 363 700 d.
408 637 529 701 Nescio
557 637 656 719 igitur
682 659 724 701 an
758 638 820 703 hoc
850 660 976 722 quoque
1005 638 1077 704 loco
1109 647 1278 724 excerptor
1306 640 1486 704 orationem
1592 661 1596 668 ·

263 749 408 818 Socratis
443 757 541 819 etiam
573 753 720 820 Socratis
751 758 879 820 nomine
910 758 1118 840 insigniverit.
1169 757 1256 823 Nam
1290 764 1323 821 et
1359 759 1392 822 in
1425 758 1485 822 Es·

265 861 437 937 corialensi
460 874 520 956 (M)
553 880 585 938 et
613 876 648 938 in
669 872 711 954 A,
741 895 813 938 cum
841 875 956 957 quibus
983 875 1174 959 plerumque
1204 875 1313 940 facere
1341 876 1485 940 videmus

263 988 519 1072 Bruxellensem,
554 993 616 1057 hoc
650 991 769 1075 legitur
801 993 919 1057 lemma
951 990 1117 1064 Πλάτωνος
1152 975 1200 1056 ἐκΙ
1220 999 1272 1076 τῆς
1307 990 1484 1076 ἀπολογίας,

262 1107 391 1172 nominc
414 1108 596 1193 Σωκράτοῡς
620 1113 748 1190 omisso,
772 1112 806 1176 id
828 1111 915 1194 quod
939 1111 978 1175 de
1001 1112 1153 1203 l’arisino
1170 1113 1328 1176 adnotare
1343 1113 1486 1194 neglexit

265 1219 465 1292 Gaisfordus.
496 1229 561 1296 Vix
577 1231 713 1312 expedio
728 1231 847 1294 lemma
862 1210 992 1294 odorat·
1014 1230 1056 1294 ad
1072 1230 1129 1294 ecl.
1148 1237 1197 1308 14,
1221 1235 1264 1316 21)Ι
1279 1232 1487 1315 adscriptum,

264 1341 320 1404 ubi
352 1341 513 1428 Κράτητος
547 1347 670 1412 habent
697 1348 823 1431 reliqui.
878 1349 1055 1414 Praecedit
1086 1352 1120 1412 10
1149 1347 1248 1414 Brux.
1278 1349 1485 1416 Antisthenis

264 1461 504 1544 apophthegma
529 1471 592 1545 (14,
617 1472 678 1548 17),
707 1468 853 1550 sequitur
874 1466 1056 1552 Σωκράτους
1080 1468 1201 1533 dictum
1226 1472 1302 1552 (22),
1325 1489 1428 1552 00000
1450 1475 1486 1533 01

263 1577 343 1641 illud
373 1600 412 1642 ex
441 1583 566 1647 duobus
594 1584 644 1648 his
674 1583 755 1648 10100
783 1585 957 1650 conflatum
985 1586 1143 1651 videatur.
1180 1584 1386 1670 Saepissime
1409 1608 1484 1655 vero

263 1697 411 1762 omissa
435 1721 504 1765 esse
528 1702 682 1768 lemmata
704 1704 894 1768 recentioris
918 1705 988 1768 aevi
1004 1705 1109 1768 codici
1123 1705 1221 1769 facile
1238 1704 1484 1768 condonabitur.

264 1812 332 1880 Sed
364 1818 517 1883 nonnulla
550 1821 583 1884 in
615 1821 665 1884 his
689 1825 799 1894 >etiam
828 1843 867 1886 ex
895 1825 1094 1906 excerptoris
1122 1823 1280 1887 brevitate
1306 1823 1485 1905 repetenda

263 1942 346 2000 0001.
391 1938 507 2020 Neque
532 1939 616 2002 enim
647 1959 725 2003 casu
754 1938 876 2004 factum
898 1946 987 2022 puto,
1016 1941 1103 2022 quod
1130 1942 1164 2004 in
1192 1940 1484 2023 apophthegmatis

261 2054 318 2118 ubi
341 2055 412 2137 ipsa
435 2057 549 2139 ecloga
576 2080 596 2123 a
627 2058 787 2122 lemmatis
815 2081 893 2123 voce
921 2081 1031 2124 rursus
1059 2061 1202 2142 incipere
1225 2059 1339 2137 001001,
1368 2079 1484 2138 nomen

262 2174 452 2257 plerumque
476 2177 576 2240 semel
599 2183 725 2242 tantum
748 2179 899 2243 daturin
920 2178 1127 2242 Bruxellensi
1151 2183 1211 2261 (ex.
1236 2199 1282 2260 gr.
1308 2184 1334 2256 7,
1360 2183 1409 2240 27.
1436 2181 1486 2240 28.

167 2319 171 2324 -
263 2297 313 2358 40.
338 2298 387 2357 40.
404 2284 462 2359 'aa
486 2301 525 2358 nv
548 2297 600 2359 ver
622 2301 671 2375 29,
699 2303 750 2361 ss.
774 2271 897 2362 01ζο0.
921 2303 970 2361 or.
996 2303 1044 2363 99.
1071 2300 1153 2376 roo).
1200 2295 1297 2360 cera
1319 2297 1486 2358 rarissima

263 2419 313 2476 est
334 2415 475 2494 repetita
496 2414 658 2478 lemmatis
682 2416 875 2497 significatio
897 2416 985 2480 velut
1008 2421 1035 2494 7,
1061 2420 1102 2480 54
1122 2414 1306 2484 κλεάνθους·
1331 2413 1485 2495 0101011ος

261 2531 321 2594 κτὲ.
365 2532 481 2613 Neque
510 2531 571 2595 hoc
599 2533 678 2596 mihi
705 2534 838 2598 dubium
874 2541 923 2598 001
957 2535 1033 2617 quin
1065 2534 1134 2615 ipse
1165 2534 1229 2596 iam
1258 2536 1430 2613 excerptor
1451 2531 1485 2593 in

262 2650 362 2714 semel
394 2651 500 2734 posito
535 2650 687 2715 lemmate
715 2653 845 2735 saepius
880 2654 925 2715 eis
956 2652 1037 2715 locis
1068 2649 1281 2732 acquieverit,
1312 2649 1368 2712 ubi
1398 2669 1483 2712 com·

262 2768 372 2852 plures
409 2769 553 2833 eiusdem
585 2771 727 2835 auctoris
760 2771 811 2835 vel
842 2771 917 2834 libri
950 2770 1080 2851 eclogas
1116 2788 1186 2832 sese
1215 2766 1364 2848 excipere
1393 2767 1482 2830 vidit.

262 2887 344 2952 Tam
357 2887 473 2951 crebra
482 2893 557 2953 0001
566 2889 598 2950 10
609 2888 813 2953 Bruxellensi
825 2889 982 2954 eiusmodi
994 2887 1315 2971 praetermissionum
1328 2885 1483 2968 exempla.

263 3005 470 3088 Quamquam
501 3006 639 3090 adparet
670 3009 754 3071 hanc
794 3009 1016 3090 quaestionem
1051 3028 1124 3071 cum
1155 3004 1268 3068 ordine
1300 3003 1485 3085 eclogarum

262 3147 358 3208 quem
387 3125 585 3208 sequebatur
616 3125 837 3190 Bruxellensis
873 3125 1033 3190 artissime
1068 3123 1253 3200 cohaerere,
1284 3127 1320 3185 ut
1347 3115 1409 3184 nisi
1430 3121 1484 3186 hic

262 3249 359 3307 antea
393 3244 578 3325 exploratus
611 3245 710 3309 fuerit
742 3267 794 3310 res
829 3245 1000 3309 diiudicari
1030 3263 1093 3306 non
1121 3240 1233 3323 possit.
1285 3239 1332 3304 Ut
1361 3244 1485 3304 certum

262 3362 443 3444 exemplum
475 3363 651 3444 proferam,
669 3353 717 3427 Ι10
754 3363 900 3429 Socratis
937 3361 1220 3446 apophthegmatis
1261 3365 1309 3436 13,
1348 3363 1483 3436 46-49,

262 3501 398 3564 quorum
421 3479 507 3544 idem
530 3480 609 3544 ordo
633 3487 683 3546 001
704 3483 737 3547 10
761 3483 909 3548 omnibus
938 3502 1018 3564 quos
1041 3481 1113 3544 novi
1136 3479 1237 3559 libris,
1262 3479 1362 3542 semel
1384 3477 1485 3559 adpo·

262 3602 364 3663 suisse
386 3619 503 3662 nomen
526 3601 606 3663 satis
629 3598 743 3664 habuit
766 3601 986 3689 Bruxellensis
1009 3599 1042 3662 in
1070 3597 1128 3662 ecl.
1152 3602 1202 3662 46.
1247 3596 1364 3680 Neque
1386 3595 1485 3676 igitur

262 3719 378 3782 mirum
410 3723 468 3795 est,
503 3718 589 3800 quod
621 3718 683 3782 hac
716 3721 842 3784 ratione
876 3719 1019 3784 admissa
1054 3717 1137 3782 duae
1168 3715 1312 3780 eiusdem
1341 3712 1483 3777 auctoris

263 3836 395 3918 eclogae
422 3857 595 3919 perperam
618 3856 858 3919 nonnumquam
880 3838 911 3900 in
938 3857 1036 3900 unam
1058 3834 1256 3910 coaluerunt,
1280 3831 1368 3894 velut
1392 3835 1419 3909 6,
1443 3833 1481 3892 31

262 3963 296 4020 et
324 3960 373 4020 32.
418 3955 538 4018 Rarius
567 3954 644 4018 libri
669 3954 806 4018 alicuius
836 3956 887 4018 vel
916 3954 1075 4038 poematis
1099 3952 1197 4016 solius
1221 3947 1483 4014 commemoratio

261 4076 298 4139 fit
320 4075 462 4140 auctoris
475 4076 604 4139 nomine
627 4075 865 4158 praetermisso,
888 4078 925 4138 ut
947 4073 1044 4137 aliam
1067 4072 1211 4136 eiusdem
1234 4067 1375 4134 auctoris
1398 4066 1484 4130 eclo-

264 4215 337 4277 gam
368 4193 444 4257 olim
472 4193 690 4276 praecessisse
723 4193 885 4270 suboleat,
916 4191 1004 4255 velut
1025 4195 1054 4268 8,
1084 4194 1130 4254 13.
1159 4195 1208 4268 20,
1235 4193 1282 4252 17.
1307 4191 1356 4267 38,
1380 4193 1409 4251 8.
1435 4191 1482 4250 14.

263 4312 304 4376 al.
349 4311 491 4376 Accedit
514 4312 612 4376 etiam
634 4311 723 4376 aliud
744 4311 778 4374 in
804 4310 966 4375 lemmatis
994 4308 1218 4392 neglegentiae
1241 4307 1292 4372 vel
1314 4305 1483 4370 brevitatis

262 4451 373 4513 genus,
396 4430 483 4513 quod
505 4430 538 4493 in
562 4429 673 4494 codice
706 4450 802 4514 quem
829 4432 880 4493 tot
901 4427 1105 4492 indoctorum
1133 4446 1248 4491 manus
1272 4425 1486 4490 tractaverint
