3570 5356
304 549 346 610 34

375 735 471 811 10)chr
493 761 551 810 cod.
586 756 783 828 ὅπεριγῑνεται
802 756 859 811 cod.
895 757 1012 811 terrain
1034 777 1087 812 ras.
1124 767 1153 812 11
1180 757 1288 812 πάντων
1306 764 1327 811 Ι.
1346 763 1438 824 Steup.
1462 747 1527 810 num

307 841 412 914 πάντη1
450 850 479 895 16
499 841 542 894 ἀπ’
562 843 650 894 αὐτῶν
668 846 697 894 Ρ.
716 847 847 896 Thomas:
866 842 991 896 ἁπάντων
1010 848 1067 897 cod.
1104 852 1136 897 20
1155 842 1251 914 δώροις
1269 847 1302 896 ci.
1320 848 1350 896 P.
1369 846 1493 896 Thomas.

389 959 489 1026 Addo
519 959 664 1041 eclogam
693 981 732 1024 ex
761 961 867 1045 eapite
898 961 1051 1026 vicesimo
1074 962 1161 1046 quod
1183 962 1216 1025 in
1239 961 1339 1026 Brux.
1362 960 1382 1025 f.
1404 964 1459 1024 38²
1481 959 1527 1023 sic

306 1079 493 1146 inscribitur
515 1076 584 1162 περὶ
607 1079 706 1163 ὀργῆς,
729 1078 865 1161 θυμοῦ,
894 1077 1016 1164 ἔριδος
1039 1080 1103 1144 καὶ
1127 1075 1377 1166 φιλονεικίας.
1421 1077 1527 1142 Inter-

307 1200 451 1282 polatam
479 1218 549 1263 esse
577 1197 660 1262 hano
688 1197 932 1280 inscriptionem
960 1200 1068 1283 arguit
1089 1200 1227 1266 Photius
1256 1200 1312 1284 qui
1334 1199 1437 1263 solum
1459 1196 1528 1282 περὶ

307 1318 397 1402 ὀργῆς
419 1317 528 1395 habet,
552 1315 639 1400 quod
661 1315 760 1380 etiam
781 1319 814 1382 in
836 1318 979 1402 reliquis,
1009 1317 1117 1401 quoad
1138 1318 1215 1398 scio,
1238 1318 1365 1401 legitur.
1412 1315 1529 1400 Neque

227 1421 229 1426 ¹
307 1436 473 1501 vicinitate
496 1456 555 1500 sua
577 1434 820 1501 commendatur
841 1459 924 1502 nova
940 1437 1062 1519 ecloga.
1099 1437 1274 1503 Praecedit
1289 1436 1348 1502 ecl.
1364 1441 1393 1514 4,
1411 1439 1429 1498 3
1446 1455 1529 1519 quae

308 1555 374 1620 iam
396 1577 495 1639 supra
516 1554 538 1620 1.
555 1558 609 1618 23²
630 1554 664 1617 in
687 1561 803 1636 quarto
820 1557 927 1639 capite
942 1554 1123 1638 legebatur,
1147 1557 1361 1639 insequuntur
1376 1552 1532 1638 Aeschyli

308 1675 496 1739 Promethei
528 1673 593 1738 duo
623 1693 734 1738 versus
764 1679 824 1739 379
856 1696 913 1758 sq,
948 1696 1083 1758 quorum
1116 1674 1214 1739 fidem
1241 1674 1303 1738 hoo
1332 1675 1404 1740 loco
1432 1671 1530 1756 paulo

309 1793 534 1859 sublestiorem
557 1815 628 1859 esse
652 1795 874 1858 demonstrare
888 1816 1029 1878 possum.
1068 1792 1134 1860 Sed
1149 1794 1296 1877 longiore
1305 1793 1530 1877 ‘disputatione

309 1933 390 1996 opus
418 1917 513 1982 esset.
557 1912 714 1977 Fortasse
751 1913 808 1978 alii
836 1913 915 1977 mihi
948 1913 1122 1997 fragmenti
1152 1913 1309 1998 originem
1330 1910 1531 1988 indicabunt,

310 2034 357 2096 sic
379 2038 488 2097 autem
510 2032 629 2114 legitur
651 2033 684 2096 in
708 2032 778 2098 cod.
801 2033 822 2096 1.
846 2038 956 2098 381-11

577 2149 693 2235 καρπὸν
715 2148 772 2236 γὰρ
797 2151 828 2220 ἐς
852 2151 984 2234 βαθεῖαν
1007 2148 1109 2233 ἄμμον
1131 2151 1244 2236 ἐκχέας

577 2267 678 2333 οὔποτ’
702 2268 788 2340 αὖθις
812 2270 921 2356 sarteq
945 2269 1052 2334 πάλιν·

578 2386 645 2452 οὐδ’
671 2387 754 2474 ἄνδρ’
780 2388 902 2472 ἑταῖρον
918 2398 928 2470 ss
944 2390 982 2473 ἢν
1006 2385 1168 2475 ἀποτείνῃς
1191 2387 1269 2459 ἅπαξ
1292 2423 1324 2448 m

310 2507 481 2572 Lemmate
519 2513 610 2573 caret
645 2509 736 2574 locus
772 2530 834 2574 nec
869 2510 1014 2573 versibus
1052 2508 1227 2592 discriptus
1264 2513 1344 2572 erat.
1399 2499 1466 2569 Pro
1503 2505 1533 2574 ἐς

313 2621 444 2708 βαθεῖαν
468 2622 568 2710 ἄμμον
592 2625 645 2710 (of.
666 2628 754 2693 Plut.
778 2627 860 2695 Fab.
884 2648 911 2692 o.
936 2632 954 2691 6
978 2633 1012 2692 et
1026 2625 1136 2692 Crass.
1160 2649 1184 2692 o.
1206 2631 1245 2690 22
1271 2618 1534 2711 denuntiabatur)

312 2742 480 2809 Nauokius
503 2746 696 2828 praetulerit
725 2743 825 2831 ἄρρον
849 2747 880 2816 ἐς
904 2743 1044 2828 βαθεῖαν.
1089 2744 1126 2811 Si
1149 2747 1254 2811 obiter
1275 2746 1366 2828 legas
1389 2743 1534 2825 eclogam

312 2862 462 2946 titulique
486 2862 555 2949 περὶ
578 2865 668 2949 ὀργῆς
690 2870 728 2930 ut
742 2886 802 2950 par
818 2870 868 2928 est
881 2863 1004 2928 habeas
1020 2865 1189 2944 rationem,
1212 2863 1323 2929 nescio
1338 2885 1381 2928 an
1396 2863 1429 2928 in
1444 2882 1532 2925 men·

313 2988 379 3048 tem
406 2982 466 3048 tibi
497 2984 606 3050 veniat
627 2982 784 3068 Aeschyli
807 2984 913 3070 (Eum.
943 2989 1004 3049 637
1027 2986 1089 3067 sq.)
1119 2981 1227 3069 ἀνδρὸς
1256 2983 1283 3046 δ’
1316 2977 1440 3046 ἐπειδὰν
1469 2975 1532 3062 αἷμ’

314 3099 475 3187 ἀνασπάσῃ
505 3101 585 3174 κόνις
603 3097 695 3175 ‘hsce
722 3102 877 3185 θανόντος,
905 3099 985 3172 οὔτις
1008 3099 1070 3165 ἔστ’
1094 3101 1266 3172 ἀνάστασις.
1310 3102 1358 3167 Ut
1378 3100 1477 3165 verba
1498 3099 1535 3181 ἢν

264 3277 266 3282 .
315 3216 478 3305 ἀποτείνῃς
501 3219 588 3305 ἅπαξ,
611 3243 631 3286 a
654 3221 770 3306 quibus
793 3243 920 3288 versum
942 3213 1535 3306 1011111111ο1ρ11,11ἢνάπο<κ>τείνῃς

316 3337 395 3408 ἅπαξ
418 3338 611 3422 corrigenda
626 3361 697 3407 esse
712 3362 817 3425 paene
833 3347 957 3407 certum
972 3342 1145 3407 videretur.
1183 3338 1251 3406 Sed
1266 3339 1448 3405 sententiae
1463 3336 1538 3400 huic

314 3459 422 3541 imago
452 3480 516 3542 qua
545 3464 644 3542 poeta
669 3479 746 3525 usus
774 3465 824 3526 est
854 3461 969 3545 καρπὸν
991 3459 1048 3545 γὰρ
1071 3461 1133 3526 κτὲ.
1163 3481 1277 3526 vereor
1303 3482 1344 3525 ne
1371 3480 1436 3524 non
1458 3455 1538 3521 satis

316 3583 483 3662 congruat.
528 3578 645 3663 Neque
679 3580 778 3663 igitur
803 3582 837 3645 in
867 3602 962 3646 versu
989 3581 1094 3647 altero
1125 3582 1221 3645 metri
1248 3579 1358 3645 fulcris
1387 3579 1475 3644 velut
1502 3575 1537 3638 οὐ

315 3693 463 3772 <nebrod
492 3697 617 3772 (αὐτὸν)
647 3697 734 3769 αὖθις
765 3701 826 3762 κτὲ.
856 3700 1053 3765 similibusve
1081 3721 1134 3764 res
1162 3699 1313 3784 expedita
1340 3700 1390 3764 sit.
1435 3695 1472 3762 Si
1499 3715 1540 3760 ex

317 3814 442 3881 duobus
471 3817 645 3882 enuntiatis
677 3819 877 3902 comparatio
905 3818 1023 3884 saltem
1050 3826 1137 3885 esset
1159 3820 1294 3902 integra,
1321 3840 1380 3902 pro
1403 3819 1540 3881 renata

317 3935 417 3999 etiam
449 3935 589 4001 alterum
621 3936 800 4002 membrum
831 3938 959 4003 facilius
991 3944 1077 4005 esset
1104 3940 1147 4004 ad
1173 3937 1422 4004 restituendum:
1454 3955 1541 3999 nunc

318 4055 414 4120 ambo
451 4076 567 4121 manca
606 4062 693 4137 sunt,
732 4056 869 4123 alterum
910 4059 1009 4122 etiam
1048 4061 1243 4140 corruptum.
1295 4054 1542 4139 Comparationi
1584 4079 1588 4088 ’

319 4175 468 4240 aculeum
489 4174 627 4241 reddere
652 4183 787 4242 conatur
809 4179 856 4243 sic
879 4175 1093 4262 Gomperzins
1121 4176 1298 4261 (ἀκέραιον)
1325 4170 1426 4239 οὔποτ’
1454 4171 1541 4243 αὖθις

319 4293 436 4365 ἐκλέξει
463 4292 562 4375 πάλιν,
590 4296 691 4361 idem·
705 4296 738 4362 in
759 4296 823 4363 fine
847 4297 1034 4363 dubitanter
1055 4299 1094 4381 ἣν
1116 4292 1283 4366 ἀποξεινοῖς
1307 4293 1394 4365 ἅπαξ.
1440 4290 1542 4357 Cuius

319 4413 407 4478 modi
430 4416 591 4480 sententia
613 4417 641 4480 si
662 4417 745 4482 latet
766 4417 829 4482 hoo
850 4417 932 4498 loco,
955 4418 1064 4482 nescio
1080 4438 1123 4481 an
1139 4414 1279 4497 cuipiam
1293 4415 1397 4498 magis
1412 4413 1545 4497 placeat

321 4535 359 4618 ἣν
392 4532 612 4620 ἀπο<ο>τείλῃς
644 4535 738 4620 ἅπαξ,
778 4538 863 4620 quod
900 4539 947 4602 eis
984 4557 1066 4620 quae
1107 4533 1326 4617 sequebantur
1357 4533 1545 4598 accuratius
