<?xml version="1.0" encoding="UTF-8"?>
<!DOCTYPE html PUBLIC "-//W3C//DTD XHTML 1.0 Transitional//EN"
    "http://www.w3.org/TR/xhtml1/DTD/xhtml1-transitional.dtd">
<html xmlns="http://www.w3.org/1999/xhtml" xml:lang="en" lang="en">
 <head>
  <title>
</title>
<meta http-equiv="Content-Type" content="text/html;charset=utf-8" />
  <meta name='ocr-system' content='tesseract 3.04.00' />
  <meta name='ocr-capabilities' content='ocr_page ocr_carea ocr_par ocr_line ocrx_word'/>
</head>
<body>
  <div class='ocr_page' id='page_1' title='image "./destobaeifloril00hensgoog_0049.png"; bbox 0 0 3570 5356; ppageno 0'>
   <div class='ocr_carea' id='block_1_1' title="bbox 336 441 375 501">
    <p class='ocr_par' dir='ltr' id='par_1_1' title="bbox 336 441 375 501">
     <span class='ocr_line' id='line_1_1' title="bbox 336 441 375 501; baseline -0.026 0"><span class='ocrx_word' id='word_1_1' title='bbox 336 441 375 501; x_wconf 90' lang='grc'>32</span> 
     </span>
    </p>
   </div>
   <div class='ocr_carea' id='block_1_2' title="bbox 333 616 1560 820">
    <p class='ocr_par' dir='ltr' id='par_1_2' title="bbox 333 616 1560 820">
     <span class='ocr_line' id='line_1_2' title="bbox 333 616 1560 701; baseline 0.002 -22"><span class='ocrx_word' id='word_1_2' title='bbox 333 636 416 697; x_wconf 91' lang='lat' dir='ltr'>quae</span> <span class='ocrx_word' id='word_1_3' title='bbox 440 616 542 680; x_wconf 83' lang='lat' dir='ltr'>textui</span> <span class='ocrx_word' id='word_1_4' title='bbox 563 616 778 684; x_wconf 82' lang='lat' dir='ltr'>inhaerebant</span> <span class='ocrx_word' id='word_1_5' title='bbox 799 620 934 684; x_wconf 88' lang='lat' dir='ltr'>maculis</span> <span class='ocrx_word' id='word_1_6' title='bbox 959 620 1056 683; x_wconf 89' lang='lat' dir='ltr'>etiam</span> <span class='ocrx_word' id='word_1_7' title='bbox 1078 639 1179 684; x_wconf 90' lang='lat' dir='ltr'>novas</span> <span class='ocrx_word' id='word_1_8' title='bbox 1202 618 1289 683; x_wconf 94' lang='lat' dir='ltr'>haud</span> <span class='ocrx_word' id='word_1_9' title='bbox 1311 638 1433 701; x_wconf 85' lang='lat' dir='ltr'>paucas</span> <span class='ocrx_word' id='word_1_10' title='bbox 1449 639 1560 682; x_wconf 90' lang='lat' dir='ltr'>accre-</span> 
     </span>
     <span class='ocr_line' id='line_1_3' title="bbox 334 732 1559 820; baseline 0.003 -25"><span class='ocrx_word' id='word_1_11' title='bbox 334 735 426 798; x_wconf 82' lang='lat' dir='ltr'>visse.</span> <span class='ocrx_word' id='word_1_12' title='bbox 465 732 561 816; x_wconf 79' lang='lat' dir='ltr'>Quod</span> <span class='ocrx_word' id='word_1_13' title='bbox 582 736 648 799; x_wconf 90' lang='lat' dir='ltr'>iam</span> <span class='ocrx_word' id='word_1_14' title='bbox 671 757 768 819; x_wconf 87' lang='lat' dir='ltr'>supra</span> <span class='ocrx_word' id='word_1_15' title='bbox 789 738 822 802; x_wconf 92' lang='lat' dir='ltr'>in</span> <span class='ocrx_word' id='word_1_16' title='bbox 846 739 935 803; x_wconf 90' lang='lat' dir='ltr'>clara</span> <span class='ocrx_word' id='word_1_17' title='bbox 957 738 1029 802; x_wconf 91' lang='lat' dir='ltr'>luce</span> <span class='ocrx_word' id='word_1_18' title='bbox 1052 739 1193 820; x_wconf 88' lang='lat' dir='ltr'>positum</span> <span class='ocrx_word' id='word_1_19' title='bbox 1216 742 1275 802; x_wconf 91' lang='lat' dir='ltr'>est.</span> <span class='ocrx_word' id='word_1_20' title='bbox 1316 735 1460 801; x_wconf 82' lang='lat' dir='ltr'><strong>Maxime</strong></span> <span class='ocrx_word' id='word_1_21' title='bbox 1482 756 1559 801; x_wconf 91' lang='lat' dir='ltr'>vero</span> 
     </span>
    </p>
   </div>
   <div class='ocr_carea' id='block_1_3' title="bbox 335 852 1560 941">
    <p class='ocr_par' dir='ltr' id='par_1_3' title="bbox 335 852 1560 941">
     <span class='ocr_line' id='line_1_4' title="bbox 335 852 1560 941; baseline 0 -24"><span class='ocrx_word' id='word_1_22' title='bbox 335 852 514 918; x_wconf 89' lang='lat' dir='ltr'>cavendum</span> <span class='ocrx_word' id='word_1_23' title='bbox 537 855 600 918; x_wconf 89' lang='lat' dir='ltr'>erit</span> <span class='ocrx_word' id='word_1_24' title='bbox 620 875 661 918; x_wconf 90' lang='lat' dir='ltr'>ne</span> <span class='ocrx_word' id='word_1_25' title='bbox 684 857 755 939; x_wconf 90' lang='lat' dir='ltr'>quis</span> <span class='ocrx_word' id='word_1_26' title='bbox 779 855 961 941; x_wconf 83' lang='lat' dir='ltr'>decipiatur</span> <span class='ocrx_word' id='word_1_27' title='bbox 980 858 1211 938; x_wconf 76' lang='lat' dir='ltr'><strong>glossematum</strong></span> <span class='ocrx_word' id='word_1_28' title='bbox 1225 856 1276 921; x_wconf 92' lang='lat' dir='ltr'>vel</span> <span class='ocrx_word' id='word_1_29' title='bbox 1291 856 1560 938; x_wconf 87' lang='lat' dir='ltr'>interpretamen-</span> 
     </span>
    </p>
   </div>
   <div class='ocr_carea' id='block_1_4' title="bbox 325 972 1560 4501">
    <p class='ocr_par' dir='ltr' id='par_1_4' title="bbox 325 972 1559 1647">
     <span class='ocr_line' id='line_1_5' title="bbox 333 972 1559 1059; baseline 0.001 -24"><span class='ocrx_word' id='word_1_30' title='bbox 333 977 441 1036; x_wconf 89' lang='lat' dir='ltr'>torum</span> <span class='ocrx_word' id='word_1_31' title='bbox 463 974 570 1056; x_wconf 91' lang='lat' dir='ltr'>specie</span> <span class='ocrx_word' id='word_1_32' title='bbox 593 972 755 1039; x_wconf 90' lang='lat' dir='ltr'>interdum</span> <span class='ocrx_word' id='word_1_33' title='bbox 778 974 888 1039; x_wconf 87' lang='lat' dir='ltr'>fallaci</span> <span class='ocrx_word' id='word_1_34' title='bbox 911 973 963 1059; x_wconf 89' lang='lat' dir='ltr'>(cf.</span> <span class='ocrx_word' id='word_1_35' title='bbox 981 974 1125 1039; x_wconf 79' lang='lat' dir='ltr'>Thomae</span> <span class='ocrx_word' id='word_1_36' title='bbox 1149 974 1221 1039; x_wconf 92' lang='lat' dir='ltr'>coll.</span> <span class='ocrx_word' id='word_1_37' title='bbox 1245 973 1302 1039; x_wconf 88' lang='lat' dir='ltr'>ecl.</span> <span class='ocrx_word' id='word_1_38' title='bbox 1321 979 1348 1052; x_wconf 87' lang='lat'>5,</span> <span class='ocrx_word' id='word_1_39' title='bbox 1371 979 1422 1038; x_wconf 78' lang='lat'>41.</span> <span class='ocrx_word' id='word_1_40' title='bbox 1441 979 1489 1037; x_wconf 88' lang='grc'>67.</span> <span class='ocrx_word' id='word_1_41' title='bbox 1507 977 1559 1037; x_wconf 98' lang='grc'>68.</span> 
     </span>
     <span class='ocr_line' id='line_1_6' title="bbox 334 1092 1557 1173; baseline -0.002 -16"><span class='ocrx_word' id='word_1_42' title='bbox 334 1098 362 1170; x_wconf 91' lang='grc'>6,</span> <span class='ocrx_word' id='word_1_43' title='bbox 377 1096 429 1156; x_wconf 86' lang='grc'><strong>48.</strong></span> <span class='ocrx_word' id='word_1_44' title='bbox 450 1097 479 1168; x_wconf 84' lang='grc'><strong>9,</strong></span> <span class='ocrx_word' id='word_1_45' title='bbox 502 1096 552 1156; x_wconf 89' lang='grc'>46.</span> <span class='ocrx_word' id='word_1_46' title='bbox 576 1095 625 1155; x_wconf 88' lang='lat'>53.</span> <span class='ocrx_word' id='word_1_47' title='bbox 652 1098 698 1172; x_wconf 87' lang='lat'>19,</span> <span class='ocrx_word' id='word_1_48' title='bbox 729 1098 747 1157; x_wconf 83' lang='lat'><strong>6</strong></span> <span class='ocrx_word' id='word_1_49' title='bbox 770 1093 824 1173; x_wconf 90' lang='lat' dir='ltr'>al.)</span> <span class='ocrx_word' id='word_1_50' title='bbox 847 1094 898 1156; x_wconf 93' lang='lat' dir='ltr'>vel</span> <span class='ocrx_word' id='word_1_51' title='bbox 921 1095 1019 1157; x_wconf 92' lang='lat' dir='ltr'>etiam</span> <span class='ocrx_word' id='word_1_52' title='bbox 1040 1093 1211 1158; x_wconf 90' lang='lat' dir='ltr'>verborum</span> <span class='ocrx_word' id='word_1_53' title='bbox 1240 1092 1494 1170; x_wconf 88' lang='lat' dir='ltr'>traiectionibus‚</span> <span class='ocrx_word' id='word_1_54' title='bbox 1523 1093 1557 1155; x_wconf 92' lang='lat' dir='ltr'>in</span> 
     </span>
     <span class='ocr_line' id='line_1_7' title="bbox 334 1210 1557 1295; baseline -0.001 -21"><span class='ocrx_word' id='word_1_55' title='bbox 334 1210 449 1292; x_wconf 91' lang='lat' dir='ltr'>quibus</span> <span class='ocrx_word' id='word_1_56' title='bbox 465 1217 501 1274; x_wconf 91' lang='lat' dir='ltr'>ut</span> <span class='ocrx_word' id='word_1_57' title='bbox 515 1212 616 1275; x_wconf 87' lang='lat' dir='ltr'>bonas</span> <span class='ocrx_word' id='word_1_58' title='bbox 631 1231 694 1275; x_wconf 92' lang='lat' dir='ltr'>non</span> <span class='ocrx_word' id='word_1_59' title='bbox 710 1232 792 1294; x_wconf 91' lang='lat' dir='ltr'>nego</span> <span class='ocrx_word' id='word_1_60' title='bbox 808 1212 925 1276; x_wconf 90' lang='lat' dir='ltr'>mixtas</span> <span class='ocrx_word' id='word_1_61' title='bbox 942 1231 1012 1276; x_wconf 91' lang='lat' dir='ltr'>esse</span> <span class='ocrx_word' id='word_1_62' title='bbox 1022 1212 1124 1290; x_wconf 90' lang='lat' dir='ltr'>malis,</span> <span class='ocrx_word' id='word_1_63' title='bbox 1141 1213 1187 1275; x_wconf 89' lang='lat' dir='ltr'>ita</span> <span class='ocrx_word' id='word_1_64' title='bbox 1197 1211 1372 1295; x_wconf 82' lang='lat' dir='ltr'>pleraeque</span> <span class='ocrx_word' id='word_1_65' title='bbox 1384 1230 1557 1292; x_wconf 85' lang='lat' dir='ltr'>perversae</span> 
     </span>
     <span class='ocr_line' id='line_1_8' title="bbox 325 1309 1557 1413; baseline 0 -21"><span class='ocrx_word' id='word_1_66' title='bbox 325 1309 407 1392; x_wconf 42' lang='lat' dir='ltr'>&#39;sunt</span> <span class='ocrx_word' id='word_1_67' title='bbox 429 1329 479 1393; x_wconf 91' lang='lat' dir='ltr'>vel</span> <span class='ocrx_word' id='word_1_68' title='bbox 500 1331 640 1409; x_wconf 90' lang='lat' dir='ltr'>inutiles,</span> <span class='ocrx_word' id='word_1_69' title='bbox 667 1330 755 1394; x_wconf 88' lang='lat' dir='ltr'>velut</span> <span class='ocrx_word' id='word_1_70' title='bbox 778 1330 926 1393; x_wconf 87' lang='lat' dir='ltr'>conferas</span> <span class='ocrx_word' id='word_1_71' title='bbox 953 1330 1039 1413; x_wconf 90' lang='lat' dir='ltr'>apud</span> <span class='ocrx_word' id='word_1_72' title='bbox 1061 1330 1222 1394; x_wconf 78' lang='lat' dir='ltr'>Thomam</span> <span class='ocrx_word' id='word_1_73' title='bbox 1245 1334 1273 1409; x_wconf 88' lang='lat'>3,</span> <span class='ocrx_word' id='word_1_74' title='bbox 1304 1333 1353 1393; x_wconf 87' lang='lat'>61.</span> <span class='ocrx_word' id='word_1_75' title='bbox 1378 1336 1406 1407; x_wconf 86' lang='grc'><strong>4,</strong></span> <span class='ocrx_word' id='word_1_76' title='bbox 1436 1333 1505 1393; x_wconf 91' lang='grc'><strong>102.</strong></span> <span class='ocrx_word' id='word_1_77' title='bbox 1529 1335 1557 1406; x_wconf 82' lang='grc'><strong>5,</strong></span> 
     </span>
     <span class='ocr_line' id='line_1_9' title="bbox 333 1451 1556 1529; baseline -0.002 -17"><span class='ocrx_word' id='word_1_78' title='bbox 333 1451 580 1528; x_wconf 72' lang='grc'><strong>6161614.</strong></span> <span class='ocrx_word' id='word_1_79' title='bbox 612 1455 659 1526; x_wconf 85' lang='lat'>15,</span> <span class='ocrx_word' id='word_1_80' title='bbox 688 1454 735 1512; x_wconf 86' lang='lat'>12.</span> <span class='ocrx_word' id='word_1_81' title='bbox 770 1455 818 1529; x_wconf 87' lang='lat'>11,</span> <span class='ocrx_word' id='word_1_82' title='bbox 841 1455 889 1513; x_wconf 86' lang='lat'>21.</span> <span class='ocrx_word' id='word_1_83' title='bbox 922 1455 970 1529; x_wconf 87' lang='lat' dir='ltr'>rs,</span> <span class='ocrx_word' id='word_1_84' title='bbox 993 1453 1043 1514; x_wconf 84' lang='lat'>38.</span> <span class='ocrx_word' id='word_1_85' title='bbox 1075 1453 1123 1526; x_wconf 85' lang='grc'>16,</span> <span class='ocrx_word' id='word_1_86' title='bbox 1149 1453 1197 1514; x_wconf 87' lang='lat'>13.</span> <span class='ocrx_word' id='word_1_87' title='bbox 1229 1453 1278 1527; x_wconf 79' lang='lat' dir='ltr'>ao,</span> <span class='ocrx_word' id='word_1_88' title='bbox 1301 1452 1351 1512; x_wconf 83' lang='grc'>46.</span> <span class='ocrx_word' id='word_1_89' title='bbox 1380 1453 1428 1512; x_wconf 83' lang='grc'>66.</span> <span class='ocrx_word' id='word_1_90' title='bbox 1453 1451 1504 1528; x_wconf 84' lang='lat'>25,</span> <span class='ocrx_word' id='word_1_91' title='bbox 1526 1453 1556 1511; x_wconf 86' lang='lat'>4.</span> 
     </span>
     <span class='ocr_line' id='line_1_10' title="bbox 334 1570 1068 1647; baseline 0.001 -17"><span class='ocrx_word' id='word_1_92' title='bbox 334 1571 383 1646; x_wconf 89' lang='grc'>37,</span> <span class='ocrx_word' id='word_1_93' title='bbox 408 1573 457 1632; x_wconf 86' lang='lat'>33.</span> <span class='ocrx_word' id='word_1_94' title='bbox 482 1572 531 1647; x_wconf 83' lang='lat'>38,</span> <span class='ocrx_word' id='word_1_95' title='bbox 557 1572 605 1632; x_wconf 88' lang='grc'><strong>29.</strong></span> <span class='ocrx_word' id='word_1_96' title='bbox 629 1571 679 1645; x_wconf 86' lang='grc'><strong>43,</strong></span> <span class='ocrx_word' id='word_1_97' title='bbox 704 1570 774 1632; x_wconf 86' lang='grc'><strong>140.</strong></span> <span class='ocrx_word' id='word_1_98' title='bbox 797 1571 848 1644; x_wconf 86' lang='grc'><strong>44,</strong></span> <span class='ocrx_word' id='word_1_99' title='bbox 872 1573 920 1631; x_wconf 89' lang='grc'><strong>20.</strong></span> <span class='ocrx_word' id='word_1_100' title='bbox 944 1573 994 1631; x_wconf 94' lang='grc'>21.</span> <span class='ocrx_word' id='word_1_101' title='bbox 1017 1572 1068 1631; x_wconf 88' lang='grc'><strong>44.</strong></span> 
     </span>
    </p>

    <p class='ocr_par' dir='ltr' id='par_1_5' title="bbox 329 1685 1558 3412">
     <span class='ocr_line' id='line_1_11' title="bbox 416 1685 1556 1770; baseline -0.001 -20"><span class='ocrx_word' id='word_1_102' title='bbox 416 1687 489 1750; x_wconf 88' lang='lat' dir='ltr'>Nisi</span> <span class='ocrx_word' id='word_1_103' title='bbox 522 1687 620 1770; x_wconf 90' lang='lat' dir='ltr'>igitur</span> <span class='ocrx_word' id='word_1_104' title='bbox 654 1686 870 1751; x_wconf 91' lang='lat' dir='ltr'>obliviscimur</span> <span class='ocrx_word' id='word_1_105' title='bbox 903 1687 1043 1750; x_wconf 89' lang='lat' dir='ltr'>recentis</span> <span class='ocrx_word' id='word_1_106' title='bbox 1080 1685 1259 1769; x_wconf 85' lang='lat' dir='ltr'>apographi</span> <span class='ocrx_word' id='word_1_107' title='bbox 1291 1685 1422 1766; x_wconf 89' lang='lat' dir='ltr'>aetatis,</span> <span class='ocrx_word' id='word_1_108' title='bbox 1457 1687 1556 1749; x_wconf 88' lang='lat' dir='ltr'>etiam</span> 
     </span>
     <span class='ocr_line' id='line_1_12' title="bbox 333 1803 1555 1887; baseline -0.001 -18"><span class='ocrx_word' id='word_1_109' title='bbox 333 1805 531 1886; x_wconf 88' lang='lat' dir='ltr'>singularum</span> <span class='ocrx_word' id='word_1_110' title='bbox 557 1805 732 1870; x_wconf 92' lang='lat' dir='ltr'>lectionum</span> <span class='ocrx_word' id='word_1_111' title='bbox 755 1806 901 1870; x_wconf 89' lang='lat' dir='ltr'>bonitate</span> <span class='ocrx_word' id='word_1_112' title='bbox 924 1805 957 1868; x_wconf 90' lang='lat' dir='ltr'>id</span> <span class='ocrx_word' id='word_1_113' title='bbox 980 1804 1066 1887; x_wconf 94' lang='lat' dir='ltr'>quod</span> <span class='ocrx_word' id='word_1_114' title='bbox 1090 1824 1188 1887; x_wconf 90' lang='lat' dir='ltr'>supra</span> <span class='ocrx_word' id='word_1_115' title='bbox 1211 1803 1363 1867; x_wconf 81' lang='lat' dir='ltr'>evicimus</span> <span class='ocrx_word' id='word_1_116' title='bbox 1387 1803 1555 1868; x_wconf 88' lang='lat' dir='ltr'>confirma·</span> 
     </span>
     <span class='ocr_line' id='line_1_13' title="bbox 333 1921 1557 2004; baseline 0 -18"><span class='ocrx_word' id='word_1_117' title='bbox 333 1930 396 1987; x_wconf 93' lang='lat' dir='ltr'>tur.</span> <span class='ocrx_word' id='word_1_118' title='bbox 440 1924 549 1987; x_wconf 89' lang='lat' dir='ltr'>Pluris</span> <span class='ocrx_word' id='word_1_119' title='bbox 572 1929 681 1988; x_wconf 89' lang='lat' dir='ltr'>autem</span> <span class='ocrx_word' id='word_1_120' title='bbox 703 1925 804 1988; x_wconf 83' lang='lat' dir='ltr'>refert</span> <span class='ocrx_word' id='word_1_121' title='bbox 826 1945 865 1988; x_wconf 85' lang='lat' dir='ltr'>ex</span> <span class='ocrx_word' id='word_1_122' title='bbox 888 1923 1001 1987; x_wconf 92' lang='lat' dir='ltr'>eodem</span> <span class='ocrx_word' id='word_1_123' title='bbox 1025 1921 1112 1988; x_wconf 88' lang='lat' dir='ltr'>fonte</span> <span class='ocrx_word' id='word_1_124' title='bbox 1135 1923 1225 1986; x_wconf 92' lang='lat' dir='ltr'>novis</span> <span class='ocrx_word' id='word_1_125' title='bbox 1249 1921 1442 2004; x_wconf 88' lang='lat' dir='ltr'>quibusdam</span> <span class='ocrx_word' id='word_1_126' title='bbox 1458 1922 1557 1986; x_wconf 87' lang='lat' dir='ltr'>ditari</span> 
     </span>
     <span class='ocr_line' id='line_1_14' title="bbox 334 2039 1556 2126; baseline 0 -22"><span class='ocrx_word' id='word_1_127' title='bbox 334 2039 521 2105; x_wconf 85' lang='lat' dir='ltr'>Stobaeum.</span> <span class='ocrx_word' id='word_1_128' title='bbox 547 2042 639 2107; x_wconf 88' lang='lat' dir='ltr'>Nam</span> <span class='ocrx_word' id='word_1_129' title='bbox 649 2042 735 2126; x_wconf 93' lang='lat' dir='ltr'>quod</span> <span class='ocrx_word' id='word_1_130' title='bbox 746 2042 821 2106; x_wconf 93' lang='lat' dir='ltr'>olim</span> <span class='ocrx_word' id='word_1_131' title='bbox 834 2047 956 2106; x_wconf 90' lang='lat' dir='ltr'>temere</span> <span class='ocrx_word' id='word_1_132' title='bbox 969 2063 1007 2105; x_wconf 89' lang='lat' dir='ltr'>ac</span> <span class='ocrx_word' id='word_1_133' title='bbox 1023 2063 1125 2125; x_wconf 86' lang='lat' dir='ltr'>paene</span> <span class='ocrx_word' id='word_1_134' title='bbox 1142 2041 1253 2105; x_wconf 86' lang='lat' dir='ltr'>furtim</span> <span class='ocrx_word' id='word_1_135' title='bbox 1269 2040 1332 2103; x_wconf 91' lang='lat' dir='ltr'>sibi</span> <span class='ocrx_word' id='word_1_136' title='bbox 1343 2039 1556 2122; x_wconf 85' lang='lat' dir='ltr'>indulgebant</span> 
     </span>
     <span class='ocr_line' id='line_1_15' title="bbox 333 2158 1556 2244; baseline 0 -20"><span class='ocrx_word' id='word_1_137' title='bbox 333 2161 473 2224; x_wconf 84' lang='lat' dir='ltr'>editores</span> <span class='ocrx_word' id='word_1_138' title='bbox 499 2167 536 2224; x_wconf 90' lang='lat' dir='ltr'>ut</span> <span class='ocrx_word' id='word_1_139' title='bbox 557 2159 768 2244; x_wconf 82' lang='lat' dir='ltr'>Florilegium</span> <span class='ocrx_word' id='word_1_140' title='bbox 791 2159 928 2224; x_wconf 86' lang='lat' dir='ltr'>Stobaei</span> <span class='ocrx_word' id='word_1_141' title='bbox 954 2158 1147 2241; x_wconf 84' lang='lat' dir='ltr'>locupletius</span> <span class='ocrx_word' id='word_1_142' title='bbox 1179 2158 1353 2223; x_wconf 86' lang='lat' dir='ltr'>redderent</span> <span class='ocrx_word' id='word_1_143' title='bbox 1380 2160 1445 2223; x_wconf 91' lang='lat' dir='ltr'>sive</span> <span class='ocrx_word' id='word_1_144' title='bbox 1467 2159 1556 2224; x_wconf 88' lang='lat' dir='ltr'>Lau·</span> 
     </span>
     <span class='ocr_line' id='line_1_16' title="bbox 330 2265 1558 2358; baseline 0 -16"><span class='ocrx_word' id='word_1_145' title='bbox 330 2279 512 2342; x_wconf 89' lang='lat' dir='ltr'>rentianum</span> <span class='ocrx_word' id='word_1_146' title='bbox 529 2278 750 2356; x_wconf 90' lang='lat' dir='ltr'>exscribendo,</span> <span class='ocrx_word' id='word_1_147' title='bbox 765 2279 853 2342; x_wconf 89' lang='lat' dir='ltr'>velut</span> <span class='ocrx_word' id='word_1_148' title='bbox 868 2276 1062 2343; x_wconf 81' lang='lat' dir='ltr'>Gaissordus</span> <span class='ocrx_word' id='word_1_149' title='bbox 1080 2285 1107 2358; x_wconf 83' lang='lat'>5,</span> <span class='ocrx_word' id='word_1_150' title='bbox 1126 2283 1164 2341; x_wconf 83' lang='lat'>75</span> <span class='ocrx_word' id='word_1_151' title='bbox 1182 2284 1272 2356; x_wconf 84' lang='lat' dir='ltr'>extr,</span> <span class='ocrx_word' id='word_1_152' title='bbox 1288 2279 1354 2342; x_wconf 89' lang='lat' dir='ltr'>sive</span> <span class='ocrx_word' id='word_1_153' title='bbox 1371 2265 1558 2342; x_wconf 90' lang='lat' dir='ltr'>adhibendo</span> 
     </span>
     <span class='ocr_line' id='line_1_17' title="bbox 332 2397 1556 2480; baseline 0.002 -20"><span class='ocrx_word' id='word_1_154' title='bbox 332 2398 576 2462; x_wconf 87' lang='lat' dir='ltr'>Bruxellensem</span> <span class='ocrx_word' id='word_1_155' title='bbox 590 2401 686 2463; x_wconf 66' lang='lat' dir='ltr'>‘velut</span> <span class='ocrx_word' id='word_1_156' title='bbox 701 2397 885 2462; x_wconf 90' lang='lat' dir='ltr'>Meinekius</span> <span class='ocrx_word' id='word_1_157' title='bbox 910 2403 937 2474; x_wconf 91' lang='lat'>3,</span> <span class='ocrx_word' id='word_1_158' title='bbox 961 2402 1001 2460; x_wconf 88' lang='lat'>80</span> <span class='ocrx_word' id='word_1_159' title='bbox 1025 2403 1106 2460; x_wconf 85' lang='lat' dir='ltr'>extr.</span> <span class='ocrx_word' id='word_1_160' title='bbox 1129 2419 1159 2479; x_wconf 92' lang='lat' dir='ltr'>p.</span> <span class='ocrx_word' id='word_1_161' title='bbox 1184 2401 1288 2480; x_wconf 78' lang='lat'>92,-„</span> <span class='ocrx_word' id='word_1_162' title='bbox 1311 2418 1384 2462; x_wconf 93' lang='lat' dir='ltr'>cum</span> <span class='ocrx_word' id='word_1_163' title='bbox 1406 2397 1471 2461; x_wconf 90' lang='lat' dir='ltr'>alia</span> <span class='ocrx_word' id='word_1_164' title='bbox 1487 2398 1556 2462; x_wconf 91' lang='lat' dir='ltr'>eius</span> 
     </span>
     <span class='ocr_line' id='line_1_18' title="bbox 332 2499 1553 2598; baseline -0.001 -18"><span class='ocrx_word' id='word_1_165' title='bbox 332 2516 458 2597; x_wconf 89' lang='lat' dir='ltr'>generis</span> <span class='ocrx_word' id='word_1_166' title='bbox 482 2522 671 2598; x_wconf 86' lang='lat' dir='ltr'>spernerent</span> <span class='ocrx_word' id='word_1_167' title='bbox 693 2518 761 2581; x_wconf 92' lang='lat' dir='ltr'>sine</span> <span class='ocrx_word' id='word_1_168' title='bbox 783 2517 910 2580; x_wconf 88' lang='lat' dir='ltr'>ratione</span> <span class='ocrx_word' id='word_1_169' title='bbox 932 2520 1061 2598; x_wconf 86' lang='lat' dir='ltr'>utputa</span> <span class='ocrx_word' id='word_1_170' title='bbox 1078 2537 1163 2596; x_wconf 90' lang='lat' dir='ltr'>quae</span> <span class='ocrx_word' id='word_1_171' title='bbox 1179 2516 1245 2578; x_wconf 90' lang='lat' dir='ltr'>iam</span> <span class='ocrx_word' id='word_1_172' title='bbox 1261 2499 1436 2597; x_wconf 85' lang='lat' dir='ltr'>Bevingius</span> <span class='ocrx_word' id='word_1_173' title='bbox 1451 2515 1471 2579; x_wconf 96' lang='lat' dir='ltr'>l.</span> <span class='ocrx_word' id='word_1_174' title='bbox 1488 2535 1511 2579; x_wconf 93' lang='lat' dir='ltr'>s.</span> <span class='ocrx_word' id='word_1_175' title='bbox 1528 2537 1553 2579; x_wconf 93' lang='grc'>6.</span> 
     </span>
     <span class='ocr_line' id='line_1_19' title="bbox 332 2633 1554 2720; baseline 0.002 -23"><span class='ocrx_word' id='word_1_176' title='bbox 332 2656 363 2717; x_wconf 92' lang='lat' dir='ltr'>p.</span> <span class='ocrx_word' id='word_1_177' title='bbox 382 2638 420 2697; x_wconf 90' lang='lat'>13</span> <span class='ocrx_word' id='word_1_178' title='bbox 438 2635 569 2716; x_wconf 89' lang='lat' dir='ltr'>eclogae</span> <span class='ocrx_word' id='word_1_179' title='bbox 586 2639 614 2712; x_wconf 82' lang='lat'>3,</span> <span class='ocrx_word' id='word_1_180' title='bbox 640 2640 677 2697; x_wconf 84' lang='lat'>79</span> <span class='ocrx_word' id='word_1_181' title='bbox 695 2636 711 2718; x_wconf 84' lang='grc' dir='ltr'>β</span> <span class='ocrx_word' id='word_1_182' title='bbox 728 2655 916 2699; x_wconf 87' lang='lat' dir='ltr'>accrescere</span> <span class='ocrx_word' id='word_1_183' title='bbox 932 2633 1149 2698; x_wconf 87' lang='lat' dir='ltr'>adnotaverat</span> <span class='ocrx_word' id='word_1_184' title='bbox 1165 2635 1218 2720; x_wconf 88' lang='lat' dir='ltr'>(cs.</span> <span class='ocrx_word' id='word_1_185' title='bbox 1235 2635 1273 2698; x_wconf 92' lang='lat' dir='ltr'>P.</span> <span class='ocrx_word' id='word_1_186' title='bbox 1291 2633 1434 2698; x_wconf 79' lang='lat' dir='ltr'>Thomas</span> <span class='ocrx_word' id='word_1_187' title='bbox 1449 2635 1469 2698; x_wconf 93' lang='lat' dir='ltr'>l.</span> <span class='ocrx_word' id='word_1_188' title='bbox 1487 2655 1511 2698; x_wconf 92' lang='grc'>6.</span> <span class='ocrx_word' id='word_1_189' title='bbox 1528 2655 1554 2699; x_wconf 90' lang='lat' dir='ltr'>s.</span> 
     </span>
     <span class='ocr_line' id='line_1_20' title="bbox 330 2751 1555 2837; baseline 0.003 -23"><span class='ocrx_word' id='word_1_190' title='bbox 330 2774 362 2835; x_wconf 92' lang='lat' dir='ltr'>p.</span> <span class='ocrx_word' id='word_1_191' title='bbox 379 2755 437 2834; x_wconf 84' lang='lat'>12),</span> <span class='ocrx_word' id='word_1_192' title='bbox 452 2753 486 2815; x_wconf 90' lang='lat' dir='ltr'>id</span> <span class='ocrx_word' id='word_1_193' title='bbox 502 2756 737 2837; x_wconf 90' lang='lat' dir='ltr'>circumspecto</span> <span class='ocrx_word' id='word_1_194' title='bbox 748 2753 868 2817; x_wconf 91' lang='lat' dir='ltr'>iudicio</span> <span class='ocrx_word' id='word_1_195' title='bbox 881 2773 939 2816; x_wconf 93' lang='lat' dir='ltr'>nos</span> <span class='ocrx_word' id='word_1_196' title='bbox 951 2774 1035 2818; x_wconf 91' lang='lat' dir='ltr'>nunc</span> <span class='ocrx_word' id='word_1_197' title='bbox 1047 2753 1168 2835; x_wconf 90' lang='lat' dir='ltr'>ubique</span> <span class='ocrx_word' id='word_1_198' title='bbox 1182 2751 1412 2835; x_wconf 89' lang='lat' dir='ltr'>adgrediamur</span> <span class='ocrx_word' id='word_1_199' title='bbox 1422 2773 1555 2818; x_wconf 90' lang='lat' dir='ltr'>necesse</span> 
     </span>
     <span class='ocr_line' id='line_1_21' title="bbox 331 2871 1558 2954; baseline 0 -18"><span class='ocrx_word' id='word_1_200' title='bbox 331 2873 402 2950; x_wconf 90' lang='lat' dir='ltr'>erit,</span> <span class='ocrx_word' id='word_1_201' title='bbox 431 2871 493 2936; x_wconf 91' lang='lat' dir='ltr'>nisi</span> <span class='ocrx_word' id='word_1_202' title='bbox 521 2873 617 2937; x_wconf 89' lang='lat' dir='ltr'>crisin</span> <span class='ocrx_word' id='word_1_203' title='bbox 642 2871 862 2937; x_wconf 84' lang='lat' dir='ltr'>Stobaeanam</span> <span class='ocrx_word' id='word_1_204' title='bbox 889 2872 989 2936; x_wconf 89' lang='lat' dir='ltr'>etiam</span> <span class='ocrx_word' id='word_1_205' title='bbox 1016 2871 1049 2935; x_wconf 91' lang='lat' dir='ltr'>in</span> <span class='ocrx_word' id='word_1_206' title='bbox 1075 2878 1241 2954; x_wconf 88' lang='lat' dir='ltr'>posterum</span> <span class='ocrx_word' id='word_1_207' title='bbox 1272 2872 1416 2936; x_wconf 91' lang='lat' dir='ltr'>volemus</span> <span class='ocrx_word' id='word_1_208' title='bbox 1438 2873 1558 2936; x_wconf 89' lang='lat' dir='ltr'>misere</span> 
     </span>
     <span class='ocr_line' id='line_1_22' title="bbox 329 2990 1554 3074; baseline -0.001 -20"><span class='ocrx_word' id='word_1_209' title='bbox 329 2990 482 3056; x_wconf 85' lang='lat' dir='ltr'>titubare.</span> <span class='ocrx_word' id='word_1_210' title='bbox 532 2991 603 3056; x_wconf 87' lang='lat' dir='ltr'>Aut</span> <span class='ocrx_word' id='word_1_211' title='bbox 633 2993 813 3074; x_wconf 87' lang='lat' dir='ltr'>redarguas</span> <span class='ocrx_word' id='word_1_212' title='bbox 849 2992 876 3054; x_wconf 91' lang='lat' dir='ltr'>si</span> <span class='ocrx_word' id='word_1_213' title='bbox 911 2996 1046 3074; x_wconf 90' lang='lat' dir='ltr'>possunt</span> <span class='ocrx_word' id='word_1_214' title='bbox 1078 2991 1231 3073; x_wconf 90' lang='lat' dir='ltr'>redargui</span> <span class='ocrx_word' id='word_1_215' title='bbox 1263 3012 1346 3074; x_wconf 91' lang='lat' dir='ltr'>quae</span> <span class='ocrx_word' id='word_1_216' title='bbox 1378 3011 1477 3073; x_wconf 90' lang='lat' dir='ltr'>supra</span> <span class='ocrx_word' id='word_1_217' title='bbox 1505 2991 1554 3054; x_wconf 90' lang='lat' dir='ltr'>di·</span> 
     </span>
     <span class='ocr_line' id='line_1_23' title="bbox 331 3109 1557 3193; baseline -0.002 -19"><span class='ocrx_word' id='word_1_218' title='bbox 331 3111 467 3193; x_wconf 86' lang='lat' dir='ltr'>sputavi,</span> <span class='ocrx_word' id='word_1_219' title='bbox 490 3115 546 3175; x_wconf 91' lang='lat' dir='ltr'>aut</span> <span class='ocrx_word' id='word_1_220' title='bbox 569 3109 628 3176; x_wconf 92' lang='lat' dir='ltr'>sub</span> <span class='ocrx_word' id='word_1_221' title='bbox 652 3130 787 3175; x_wconf 86' lang='lat' dir='ltr'>examen</span> <span class='ocrx_word' id='word_1_222' title='bbox 809 3130 936 3173; x_wconf 91' lang='lat' dir='ltr'>mecum</span> <span class='ocrx_word' id='word_1_223' title='bbox 962 3130 1056 3173; x_wconf 90' lang='lat' dir='ltr'>voces</span> <span class='ocrx_word' id='word_1_224' title='bbox 1083 3110 1297 3174; x_wconf 86' lang='lat' dir='ltr'>Laurentiani</span> <span class='ocrx_word' id='word_1_225' title='bbox 1318 3109 1557 3174; x_wconf 44' lang='lat' dir='ltr'>Bruxeliensis*</span> 
     </span>
     <span class='ocr_line' id='line_1_24' title="bbox 332 3225 1556 3311; baseline 0.001 -19"><span class='ocrx_word' id='word_1_226' title='bbox 332 3249 393 3310; x_wconf 92' lang='lat' dir='ltr'>que</span> <span class='ocrx_word' id='word_1_227' title='bbox 423 3228 543 3311; x_wconf 90' lang='lat' dir='ltr'>copias,</span> <span class='ocrx_word' id='word_1_228' title='bbox 576 3251 616 3292; x_wconf 92' lang='lat' dir='ltr'>ne</span> <span class='ocrx_word' id='word_1_229' title='bbox 650 3230 744 3310; x_wconf 91' lang='lat' dir='ltr'>quasi</span> <span class='ocrx_word' id='word_1_230' title='bbox 770 3228 863 3310; x_wconf 90' lang='lat' dir='ltr'>inops</span> <span class='ocrx_word' id='word_1_231' title='bbox 890 3234 1021 3291; x_wconf 88' lang='lat' dir='ltr'>maneat</span> <span class='ocrx_word' id='word_1_232' title='bbox 1050 3225 1214 3293; x_wconf 82' lang='lat' dir='ltr'>Stobaeus</span> <span class='ocrx_word' id='word_1_233' title='bbox 1246 3229 1280 3292; x_wconf 92' lang='lat' dir='ltr'>in</span> <span class='ocrx_word' id='word_1_234' title='bbox 1310 3249 1428 3310; x_wconf 88' lang='lat' dir='ltr'>magna</span> <span class='ocrx_word' id='word_1_235' title='bbox 1458 3250 1556 3311; x_wconf 91' lang='lat' dir='ltr'>opum</span> 
     </span>
     <span class='ocr_line' id='line_1_25' title="bbox 330 3346 506 3412; baseline 0 0"><span class='ocrx_word' id='word_1_236' title='bbox 330 3346 506 3412; x_wconf 76' lang='lat' dir='ltr'>affluentia.</span> 
     </span>
    </p>

    <p class='ocr_par' dir='ltr' id='par_1_6' title="bbox 328 3465 1560 4244">
     <span class='ocr_line' id='line_1_26' title="bbox 416 3465 1559 3549; baseline -0.003 -18"><span class='ocrx_word' id='word_1_237' title='bbox 416 3465 621 3549; x_wconf 77' lang='lat' dir='ltr'>Quamquam</span> <span class='ocrx_word' id='word_1_238' title='bbox 649 3487 722 3530; x_wconf 90' lang='lat' dir='ltr'>cum</span> <span class='ocrx_word' id='word_1_239' title='bbox 749 3465 908 3548; x_wconf 90' lang='lat' dir='ltr'>florilegio</span> <span class='ocrx_word' id='word_1_240' title='bbox 930 3465 1153 3530; x_wconf 88' lang='lat' dir='ltr'>Laurentiano</span> <span class='ocrx_word' id='word_1_241' title='bbox 1182 3465 1279 3530; x_wconf 89' lang='lat' dir='ltr'>hodie</span> <span class='ocrx_word' id='word_1_242' title='bbox 1299 3465 1394 3530; x_wconf 87' lang='lat' dir='ltr'>nobis</span> <span class='ocrx_word' id='word_1_243' title='bbox 1417 3487 1480 3530; x_wconf 94' lang='lat' dir='ltr'>non</span> <span class='ocrx_word' id='word_1_244' title='bbox 1502 3485 1559 3529; x_wconf 90' lang='lat' dir='ltr'>res</span> 
     </span>
     <span class='ocr_line' id='line_1_27' title="bbox 330 3582 1555 3668; baseline -0.002 -18"><span class='ocrx_word' id='word_1_245' title='bbox 330 3590 380 3650; x_wconf 91' lang='lat' dir='ltr'>est</span> <span class='ocrx_word' id='word_1_246' title='bbox 401 3585 462 3650; x_wconf 90' lang='lat' dir='ltr'>nisi</span> <span class='ocrx_word' id='word_1_247' title='bbox 485 3591 617 3668; x_wconf 91' lang='lat' dir='ltr'>propter</span> <span class='ocrx_word' id='word_1_248' title='bbox 631 3584 890 3650; x_wconf 86' lang='lat' dir='ltr'>Bruxellensem.</span> <span class='ocrx_word' id='word_1_249' title='bbox 928 3582 981 3649; x_wconf 85' lang='lat' dir='ltr'>Ac</span> <span class='ocrx_word' id='word_1_250' title='bbox 1003 3604 1043 3647; x_wconf 92' lang='lat' dir='ltr'>ne</span> <span class='ocrx_word' id='word_1_251' title='bbox 1059 3584 1145 3648; x_wconf 94' lang='lat' dir='ltr'>hunc</span> <span class='ocrx_word' id='word_1_252' title='bbox 1161 3585 1292 3668; x_wconf 89' lang='lat' dir='ltr'>quidem</span> <span class='ocrx_word' id='word_1_253' title='bbox 1306 3584 1368 3648; x_wconf 83' lang='lat' dir='ltr'>hac</span> <span class='ocrx_word' id='word_1_254' title='bbox 1384 3583 1555 3648; x_wconf 89' lang='lat' dir='ltr'>occasione</span> 
     </span>
     <span class='ocr_line' id='line_1_28' title="bbox 330 3703 1558 3788; baseline -0.003 -20"><span class='ocrx_word' id='word_1_255' title='bbox 330 3725 406 3769; x_wconf 91' lang='lat' dir='ltr'>curo</span> <span class='ocrx_word' id='word_1_256' title='bbox 438 3704 535 3787; x_wconf 93' lang='lat' dir='ltr'>plene</span> <span class='ocrx_word' id='word_1_257' title='bbox 569 3704 740 3770; x_wconf 89' lang='lat' dir='ltr'>exhaurire</span> <span class='ocrx_word' id='word_1_258' title='bbox 773 3706 853 3769; x_wconf 86' lang='lat' dir='ltr'>satis</span> <span class='ocrx_word' id='word_1_259' title='bbox 889 3708 1058 3767; x_wconf 89' lang='lat' dir='ltr'>contentus</span> <span class='ocrx_word' id='word_1_260' title='bbox 1093 3706 1133 3783; x_wconf 91' lang='lat' dir='ltr'>si,</span> <span class='ocrx_word' id='word_1_261' title='bbox 1169 3704 1254 3788; x_wconf 90' lang='lat' dir='ltr'>quod</span> <span class='ocrx_word' id='word_1_262' title='bbox 1284 3725 1382 3786; x_wconf 88' lang='lat' dir='ltr'>supra</span> <span class='ocrx_word' id='word_1_263' title='bbox 1410 3703 1558 3786; x_wconf 89' lang='lat' dir='ltr'>promisi,</span> 
     </span>
     <span class='ocr_line' id='line_1_29' title="bbox 330 3821 1558 3906; baseline -0.002 -19"><span class='ocrx_word' id='word_1_264' title='bbox 330 3824 443 3906; x_wconf 91' lang='lat' dir='ltr'>quanti</span> <span class='ocrx_word' id='word_1_265' title='bbox 468 3821 636 3887; x_wconf 89' lang='lat' dir='ltr'>habendus</span> <span class='ocrx_word' id='word_1_266' title='bbox 664 3823 706 3886; x_wconf 89' lang='lat' dir='ltr'>sit</span> <span class='ocrx_word' id='word_1_267' title='bbox 736 3823 909 3888; x_wconf 88' lang='lat' dir='ltr'>codex&#39;ea</span> <span class='ocrx_word' id='word_1_268' title='bbox 936 3845 1000 3905; x_wconf 88' lang='lat' dir='ltr'>qua</span> <span class='ocrx_word' id='word_1_269' title='bbox 1021 3845 1082 3905; x_wconf 89' lang='lat' dir='ltr'>par</span> <span class='ocrx_word' id='word_1_270' title='bbox 1105 3831 1155 3887; x_wconf 87' lang='lat' dir='ltr'>est</span> <span class='ocrx_word' id='word_1_271' title='bbox 1178 3823 1348 3906; x_wconf 87' lang='lat' dir='ltr'>diligentia</span> <span class='ocrx_word' id='word_1_272' title='bbox 1370 3822 1558 3905; x_wconf 90' lang='lat' dir='ltr'>disputasse</span> 
     </span>
     <span class='ocr_line' id='line_1_30' title="bbox 329 3939 1554 4023; baseline -0.002 -18"><span class='ocrx_word' id='word_1_273' title='bbox 329 3940 465 4005; x_wconf 90' lang='lat' dir='ltr'>iudicor.</span> <span class='ocrx_word' id='word_1_274' title='bbox 525 3939 590 4005; x_wconf 85' lang='lat' dir='ltr'>Sed</span> <span class='ocrx_word' id='word_1_275' title='bbox 631 3947 668 4008; x_wconf 92' lang='lat' dir='ltr'>ut</span> <span class='ocrx_word' id='word_1_276' title='bbox 704 3962 860 4006; x_wconf 90' lang='lat' dir='ltr'>novorum</span> <span class='ocrx_word' id='word_1_277' title='bbox 897 3940 1126 4022; x_wconf 87' lang='lat' dir='ltr'>adpetentibus</span> <span class='ocrx_word' id='word_1_278' title='bbox 1163 3942 1368 4023; x_wconf 90' lang='lat' dir='ltr'>aliquatenus</span> <span class='ocrx_word' id='word_1_279' title='bbox 1407 3939 1554 4017; x_wconf 87' lang='lat' dir='ltr'>satisfiat,</span> 
     </span>
     <span class='ocr_line' id='line_1_31' title="bbox 330 4058 1560 4144; baseline -0.001 -21"><span class='ocrx_word' id='word_1_280' title='bbox 330 4079 442 4142; x_wconf 90' lang='lat' dir='ltr'>promo</span> <span class='ocrx_word' id='word_1_281' title='bbox 471 4059 611 4124; x_wconf 90' lang='lat' dir='ltr'>triadem</span> <span class='ocrx_word' id='word_1_282' title='bbox 641 4060 826 4142; x_wconf 89' lang='lat' dir='ltr'>eclogarum</span> <span class='ocrx_word' id='word_1_283' title='bbox 845 4065 936 4144; x_wconf 89' lang='lat' dir='ltr'>&#39;quas</span> <span class='ocrx_word' id='word_1_284' title='bbox 965 4058 1094 4124; x_wconf 90' lang='lat' dir='ltr'>aliunde</span> <span class='ocrx_word' id='word_1_285' title='bbox 1124 4081 1188 4126; x_wconf 89' lang='lat' dir='ltr'>nou</span> <span class='ocrx_word' id='word_1_286' title='bbox 1211 4061 1284 4124; x_wconf 92' lang='lat' dir='ltr'>novi</span> <span class='ocrx_word' id='word_1_287' title='bbox 1306 4082 1366 4124; x_wconf 92' lang='lat' dir='ltr'>nec</span> <span class='ocrx_word' id='word_1_288' title='bbox 1389 4060 1496 4142; x_wconf 89' lang='lat' dir='ltr'>legere</span> <span class='ocrx_word' id='word_1_289' title='bbox 1519 4079 1560 4122; x_wconf 89' lang='lat' dir='ltr'>se·</span> 
     </span>
     <span class='ocr_line' id='line_1_32' title="bbox 328 4178 670 4244; baseline 0.009 -3"><span class='ocrx_word' id='word_1_290' title='bbox 328 4178 543 4244; x_wconf 87' lang='lat' dir='ltr'>meminerunt</span> <span class='ocrx_word' id='word_1_291' title='bbox 565 4179 670 4244; x_wconf 87' lang='lat' dir='ltr'>amici.</span> 
     </span>
    </p>

    <p class='ocr_par' dir='ltr' id='par_1_7' title="bbox 329 4285 1560 4501">
     <span class='ocr_line' id='line_1_33' title="bbox 418 4285 1558 4382; baseline -0.002 -20"><span class='ocrx_word' id='word_1_292' title='bbox 418 4298 531 4381; x_wconf 90' lang='lat' dir='ltr'>Atque</span> <span class='ocrx_word' id='word_1_293' title='bbox 553 4299 586 4362; x_wconf 93' lang='grc'>16</span> <span class='ocrx_word' id='word_1_294' title='bbox 609 4300 712 4382; x_wconf 92' lang='lat' dir='ltr'>primo</span> <span class='ocrx_word' id='word_1_295' title='bbox 737 4299 844 4382; x_wconf 90' lang='lat' dir='ltr'>capite</span> <span class='ocrx_word' id='word_1_296' title='bbox 867 4300 951 4363; x_wconf 88' lang='lat' dir='ltr'>inter</span> <span class='ocrx_word' id='word_1_297' title='bbox 974 4285 1161 4374; x_wconf 64' lang='grc'><strong>6616125</strong></span> <span class='ocrx_word' id='word_1_298' title='bbox 1186 4303 1219 4362; x_wconf 89' lang='grc'>61</span> <span class='ocrx_word' id='word_1_299' title='bbox 1244 4303 1327 4377; x_wconf 83' lang='grc'><strong>1,58</strong></span> <span class='ocrx_word' id='word_1_300' title='bbox 1346 4299 1364 4362; x_wconf 87' lang='lat' dir='ltr'>l.</span> <span class='ocrx_word' id='word_1_301' title='bbox 1383 4302 1558 4361; x_wconf 53' lang='grc'><strong>18161191·</strong></span> 
     </span>
     <span class='ocr_line' id='line_1_34' title="bbox 329 4413 1560 4501; baseline -0.002 -20"><span class='ocrx_word' id='word_1_302' title='bbox 329 4416 455 4500; x_wconf 92' lang='lat' dir='ltr'>longius</span> <span class='ocrx_word' id='word_1_303' title='bbox 489 4418 608 4501; x_wconf 89' lang='lat' dir='ltr'>legitur</span> <span class='ocrx_word' id='word_1_304' title='bbox 629 4418 806 4484; x_wconf 89' lang='lat' dir='ltr'>Iamblichi</span> <span class='ocrx_word' id='word_1_305' title='bbox 836 4418 1051 4501; x_wconf 89' lang='lat' dir='ltr'>fragmentum</span> <span class='ocrx_word' id='word_1_306' title='bbox 1082 4417 1169 4500; x_wconf 89' lang='lat' dir='ltr'>quod</span> <span class='ocrx_word' id='word_1_307' title='bbox 1200 4418 1246 4481; x_wconf 90' lang='lat' dir='ltr'>sic</span> <span class='ocrx_word' id='word_1_308' title='bbox 1273 4417 1461 4482; x_wconf 84' lang='lat' dir='ltr'>inscribitur</span> <span class='ocrx_word' id='word_1_309' title='bbox 1482 4413 1560 4498; x_wconf 65' lang='lat' dir='ltr'>’rup-</span> 
     </span>
    </p>
   </div>
   <div class='ocr_carea' id='block_1_5' title="bbox 0 0 1790 5348">
    <p class='ocr_par' dir='ltr' id='par_1_8' title="bbox 0 0 1790 5348">
     <span class='ocr_line' id='line_1_35' title="bbox 0 0 1790 5348; baseline 0 0"><span class='ocrx_word' id='word_1_310' title='bbox 0 0 1790 5348; x_wconf 95' lang='lat' dir='ltr'> </span> 
     </span>
    </p>
   </div>
  </div>
 </body>
</html>
