3570 5356
1426 534 1465 594 33

243 697 354 786 βλί-χου
389 703 424 764 ἐκ
459 704 511 782 τῆς
534 698 607 783 πρὸς
635 696 700 770 pies
729 702 804 791 (sie)
828 704 996 789 ἐπιστολῆς,
1024 704 1093 791 περὶ
1122 706 1240 792 ἀρετῆς.
1283 708 1347 773 Est
1367 710 1467 792 igitur

242 820 460 902 fragmentum
489 820 648 901 epistulae
680 821 720 884 de
749 822 867 886 virtute
895 822 938 887 ad
966 824 1139 907 Sopatrum
1166 826 1272 905 datae,
1301 848 1397 910 quam
1419 828 1467 890 ita

242 959 339 1022 saepe
362 939 534 1022 exscripsit
557 937 717 1003 Stobaeus
742 939 794 1023 (ef.
821 941 979 1006 Meinekii
1001 942 1101 1026 praef.
1124 943 1169 1008 ad
1189 944 1240 1008 ΕΙ.
1263 967 1291 1008 ν.
1314 945 1343 1008 Ι.
1367 967 1396 1027 p.
1419 943 1466 1026 V;

242 1057 392 1122 Elterum
414 1080 444 1140 p.
460 1061 502 1122 20
524 1079 554 1122 n.
572 1057 606 1144 3)
629 1064 666 1122 ut
687 1061 714 1123 si
736 1059 769 1121 in
791 1060 861 1143 ipso
884 1058 954 1144 περὶ
976 1060 1085 1145 ἀρετῆς
1102 1064 1209 1145 capite
1224 1063 1324 1128 semel
1340 1068 1466 1127 tantum

244 1177 463 1260 respiceretur
485 1177 558 1261 (ecl.
583 1182 631 1253 60,
657 1176 715 1240 ubi
736 1176 810 1261 πρὸς
834 1169 1111 1264 Σώποτρονεεοίε
1134 1181 1341 1266 Menekine),
1364 1200 1466 1262 paene

242 1296 359 1358 mirum
389 1300 483 1360 esset.
533 1286 600 1364 (θωτ
631 1295 817 1379 corruptela
844 1297 942 1380 paulo
972 1299 1102 1380 gravior
1123 1300 1156 1362 in
1179 1320 1276 1382 quam
1299 1297 1465 1381 Σώπατρον

243 1414 324 1478 abiit
352 1435 391 1478 ne
423 1415 473 1480 cui
500 1415 686 1497 scrupulum
713 1420 850 1492 moveat,
880 1417 1066 1481 conferatur
1088 1418 1201 1498 ecloga
1226 1421 1294 1495 103,
1319 1423 1358 1482 23
1382 1438 1466 1500 quae

240 1527 426 1616 Ἰαμβλίχου
452 1531 610 1618 Σωπάτριμ
639 1533 710 1625 περὶ
738 1532 847 1617 ἀρετῆς
878 1535 1036 1618 inscripta
1057 1536 1178 1600 fontem
1201 1535 1344 1600 ineditae
1367 1535 1466 1600 etiam

243 1651 400 1716 consimili
424 1654 570 1716 eratione
593 1653 707 1735 aperit.

327 1770 528 1853 Excerplum
550 1770 763 1836 Bruxellense
786 1771 848 1834 hoc
871 1776 934 1836 est:

328 1888 512 1973 Ἰαμβλίχου
544 1889 579 1951 ἐκ
610 1895 663 1972 τῆς
692 1889 765 1975 πρὸς
790 1889 956 1973 Σώπατρον
984 1893 1145 1975 ἐπιστολῆς
1173 1890 1243 1974 περὶ
1275 1889 1399 1974 ἀρετῆςι
1428 1923 1465 1948 2

244 2008 351 2071 οὐκοῦν
385 2002 436 2070 καὶ
472 2003 521 2069 διὰ
551 2012 599 2070 νοῦ
628 2008 766 2093 καθαροῦ
794 2007 844 2071 καὶ
873 2007 1085 2092 ἀπολυομένου
1115 2009 1214 2095 πάσης
1243 2009 1465 2092 σωματοειδοῦς

243 2127 480 2210 διαμορφιὺσεως
503 2127 523 2210 ἡ
547 2126 606 2190 θέα
628 2133 681 2210 τῆς
706 2131 815 2211 ἀρετῆς
838 2124 1054 2212 περιγίγνεται·
1073 2137 1083 2208 ll
1100 2129 1133 2192 τὸ
1156 2132 1187 2192 δ’
1209 2129 1313 2192 όποῖον
1335 2123 1364 2188 τί
1387 2128 1466 2189 ἐστιν

245 2247 307 2307 ὧδε
331 2240 367 2306 ἄν
388 2267 431 2314 τις
456 2246 649 2329 καταμάθοι·
674 2247 789 2316 κάλλος
813 2243 864 2308 καὶ
888 2247 1059 2330 συμμετρία
1081 2245 1132 2311 καὶ
1151 2245 1294 2332 άλῆθεια,
1316 2244 1465 2328 ταυτότης

243 2385 277 2425 τε
302 2358 508 2445 ἀμετάστατος
532 2361 583 2426 καί
607 2363 753 2450 ἁπλότης,
776 2366 949 2450 ἐξῃρημένη
973 2388 1006 2428 τε
1033 2362 1091 2429 ἀπὸ
1115 2371 1175 2429 τῶν
1198 2364 1303 2431 ἄλλων
1318 2363 1502 2449 ὑπεροχῆ,5

243 2481 402 2566 τελειότης
430 2505 463 2544 τε
492 2481 722 2567 ἀνυπέρβλητος
754 2479 805 2546 καὶ
836 2481 968 2568 ἀκρότης
998 2489 1057 2546 τῶν
1088 2481 1196 2569 όντων,
1223 2484 1401 2568 καθαρότης
1426 2505 1477 2552 ,τε

243 2602 449 2684 ὑπεραίρουσα
471 2600 571 2665 πάντα
593 2599 643 2664 καὶ
668 2599 803 2685 ἄμικτος.
839 2600 866 2665 εἰ
891 2601 925 2666 δὲ
948 2602 1067 2668 ἅπαντα
1090 2602 1128 2667 τά
1151 2606 1275 2667 τοιαῦτα
1297 2603 1329 2667 ἓν
1352 2603 1465 2686 δεῖγμα

243 2720 335 2782 αὑτοῦ
363 2721 533 2805 παρέχεται
563 2719 674 2802 ἱκανόν,
702 2723 792 2785 ὁπότε
823 2722 861 2806 δῆ
888 2721 995 2785 οὖντὸ
1020 2721 1126 2806 νοητὸν
1149 2720 1232 2794 εἶδος
1256 2723 1388 2792 κατίδοις
1411 2725 1464 2804 τῆς

243 2838 363 2923 ἀρετῆς,
391 2838 506 2923 θεώρει
527 2844 615 2903 τοῦτο
639 2839 745 2904 λοιπὸν
769 2837 816 2925 ἀφ’
845 2842 954 2903 ἑαυτοῦ
977 2838 1046 2925 περὶ
1070 2843 1169 2903 πᾶσαν
1192 2841 1273 2925 ζωὴν
1296 2840 1464 2925 ἀμερίστως

243 2957 440 3040 μεριζόμενον
462 2958 574 3041 τρόπον
596 2956 661 3023 τινὰ
676 2963 820 3040 τοιοῦτον,
843 2961 884 3030 ὡς
898 2959 1124 3044 πληθυομένων
1139 2964 1200 3022 τῶν
1216 2959 1465 3043 μεταλαμβανόν-
1482 2981 1513 3025 10

241 3099 303 3138 των
326 3078 425 3159 μένειν
448 3075 521 3140 αὐτὸ
544 3075 584 3156 έν,
608 3074 660 3141 καί
683 3076 774 3141 παντὶ
797 3078 1002 3161 μεριζομένων
1024 3075 1094 3163 περὶ
1118 3077 1190 3141 αὐτὸ
1213 3076 1374 3162 ἀμέριστον
1391 3075 1465 3140 αὐτὸ

243 3193 401 3280 ὑπάρχειν,
428 3194 481 3260 καὶ
508 3197 692 3281 γιγνομένων
720 3195 770 3260 καὶ
801 3195 1024 3279 ἀπολλυμένων
1052 3192 1176 3259 ἐκείνων
1204 3195 1369 3280 ἀγέννητον
1392 3195 1464 3259 αὑτὸ

244 3310 323 3376 εἷναι
350 3309 401 3376 καὶ
429 3311 595 3400 ἄφθαρτον,
622 3313 674 3380 καὶ
704 3315 747 3387 εἰς
770 3315 976 3399 ἀνομοιότητα
998 3314 1240 3400 προχωρούντων
1261 3313 1295 3377 τὸ
1319 3312 1392 3376 αὑτὸ
1416 3310 1466 3378 ἀεὶ

245 3432 396 3514 διαμένειν
433 3434 511 3518 μῆτε
547 3435 722 3518 κινοὺμενον
752 3433 812 3497 ἀπὸ
842 3440 895 3518 τῆς
926 3435 1058 3519 προόδου
1088 3440 1149 3498 τῶν
1176 3433 1358 3518 γιγνομένων
1388 3433 1466 3518 μῆτε

245 3550 434 3635 διιστάμενον
462 3552 512 3638 ἀφ’
542 3554 651 3616 ἑαυτοῦ
680 3531 730 3617 διά
756 3551 811 3637 τὴν
838 3555 870 3616 ἐν
898 3557 971 3618 πᾶσι
1007 3552 1070 3624 τοῖς
1100 3555 1272 3638 διεστηκόσι
1298 3547 1467 3637 παρουσίαν
1485 3572 1515 3617 15

244 3672 321 3754 μῆτε
346 3671 448 3741 αὐτοῖς
470 3674 700 3758 συμφερόμενον
722 3673 742 3756 ῆ
766 3673 1024 3755 συναυξανόμενον
1046 3671 1065 3756 ἤ
1088 3695 1154 3737 τινα
1177 3671 1278 3756 άλλην
1299 3671 1345 3734 ἀπ’
1366 3673 1465 3737 αὐτῶν

243 3791 412 3882 δεχόμενον
441 3787 615 3854 ἀλλοίωσιν.
654 3787 753 3854 καίτοι
781 3791 875 3862 οὑτως
905 3791 978 3856 αὐτὸ
1007 3794 1132 3879 κατόψει
1163 3791 1197 3855 τὸ
1230 3790 1302 3854 αὐτὸ
1331 3791 1404 3855 όλον
1434 3793 1465 3855 ἐν

242 3912 316 3972 πᾶσι
338 3909 434 3994 παρὸν
457 3909 535 3992 μετά
557 3913 609 3973 τοὺ
633 3909 732 3992 μένειν
760 3909 889 3974 ἑκάστου
912 3911 966 3995 τῆν
990 3907 1175 3975 οὐσίαντῶν
1198 3911 1391 3995 μετεχόντων
1413 3906 1465 3973 καί

195 4069 198 4076 -
243 4029 321 4092 κατὰ
350 4029 406 4113 τὴν
435 4027 552 4093 οἰκείαν
582 4029 746 4094 ὑπόστασιν
774 4029 903 4094 έκαστον
931 4029 1088 4115 βέλτιστον
1118 4027 1284 4114 γίγνεσθαι.
1318 4028 1398 4093 κατὰ
1426 4028 1464 4112 δὴ

243 4151 347 4212 τοῦτον
370 4147 420 4212 τόν
443 4148 535 4232 λόγον
558 4144 609 4211 καὶ
632 4146 699 4220 τοὺς
723 4148 903 4234 ἀνθρώπους
927 4150 1089 4233 διακοσμεῖ
1104 4148 1168 4220 τοῖς
1185 4149 1361 4219 καλλίστοις
1377 4148 1467 4232 θροις,
1484 4167 1533 4211 20-

244 4266 363 4352 vesperi<
388 4269 443 4352 μὲν
466 4263 631 4353 ἐνεργείαις
656 4267 845 4352 ἀκροτάτοις,
870 4269 971 4354 λόγοις
996 4267 1030 4333 δέ
1052 4273 1105 4351 τῆς
1129 4271 1229 4352 ψυχῆς
1252 4267 1465 4350 τελειοτάτοις,

244 4392 323 4470 ζωῆς
347 4387 381 4452 δέ
404 4386 566 4471 δυνάμεσιν
588 4387 808 4472 ὑπερεχοὺσαις
831 4391 930 4452 πᾶσαν
952 4387 1084 4473 γένεσινι
1111 4424 1145 4448 ι

293 4508 374 4549 Hense.
1247 4498 1261 4542 3
