3570 5356
1466 491 1502 550 13

282 667 334 730 vix
350 667 475 742 errabo,
499 667 526 730 si
548 667 651 748 magis
675 666 717 730 ad
739 665 946 730 librariorum
968 665 1207 748 neglegentiam
1223 685 1319 746 quam
1342 665 1505 748 adipsum

189 849 197 860 .
283 791 506 868 excerptorem
527 786 642 851 refero
685 785 773 850 Nam
793 784 851 849 ubi
871 785 1026 849 lemmata
1048 784 1181 867 adpicta
1209 787 1293 862 sunt,
1315 783 1504 867 plerumque

282 902 360 966 satis
394 902 561 968 habebant
577 903 719 976 ,librarii
751 903 891 968 auctoris
928 923 1046 980 001000
1083 921 1353 967 commemorasse
1387 903 1505 966 omisso

284 1023 487 1086 accuratiore
515 1023 674 1104 poematis
703 1023 753 1086 vel
775 1021 850 1085 libri
872 1021 1002 1085 indicio.
1047 1021 1095 1086 Ut
1114 1043 1214 1090 unum
1238 1019 1353 1084 saltem
1375 1019 1505 1083 titulum

257 1139 395 1204 'ordine
425 1141 630 1206 Bruxellensi
660 1161 858 1224 percurram,
892 1161 931 1202 ex
964 1139 1075 1222 quinto
1108 1139 1215 1222 capite
1249 1138 1311 1203 huc
1342 1138 1528 1220 pertinent·

282 1259 415 1341 eclogae
439 1265 487 1331 74.
513 1265 586 1327 130.
610 1253 825 1325 12107080.
849 1263 899 1322 83.
929 1262 978 1321 60.
1011 1262 1060 1321 61.
1110 1257 1184 1322 Etsi
1216 1277 1275 1340 pro
1303 1277 1338 1320 re
1366 1262 1445 1321 nata
1471 1259 1504 1320 in

282 1377 415 1458 singulis
448 1399 572 1441 summa
607 1379 758 1442 cautione
790 1398 870 1460 opus
897 1376 968 1458 erit.
1018 1374 1094 1440 Non
1124 1375 1188 1439 nisi
1216 1373 1362 1438 omnibus
1391 1375 1446 1457 qui
1472 1376 1506 1438 in

285 1516 416 1559 censum
444 1497 575 1560 veniant
598 1496 763 1561 codicibus
785 1498 872 1559 inter
894 1513 927 1558 se
951 1493 1077 1558 collatis
1102 1491 1314 1556 confidentius
1337 1472 1508 1558 diiudicari

283 1619 408 1696 potest,
447 1635 542 1696 quem
581 1614 714 1696 singulis
747 1614 827 1676 10010
860 1612 990 1676 11101010
1022 1613 1092 1694 ipse
1127 1609 1289 1675 Stobaeus
1320 1613 1507 1693 praefixerit
1545 1701 1547 1705 ,

285 1732 401 1816 quidve
424 1738 631 1816 excerptores
653 1732 708 1798 vel
728 1731 851 1795 librarii
874 1730 1161 1814 praetermiserint.

370 1852 508 1915 Possum
531 1851 715 1915 accuratius
737 1850 819 1929 haec
842 1849 970 1932 aliaque
994 1847 1115 1912 codicis
1137 1848 1214 1912 vitia
1238 1850 1398 1931 persequi.
1441 1845 1508 1912 Sed

285 1969 365 2032 nihil
394 1971 511 2033 attinet
532 1969 627 2052 plene
649 1969 703 2033 hic
725 1968 846 2032 referre
870 1988 909 2031 ea
931 1989 1014 2050 quae
1037 1967 1180 2031 omnium
1201 1964 1338 2032 ,Stobaei
1361 1967 1508 2032 codicum

285 2088 357 2170 plus
380 2087 525 2151 minusve
549 2087 732 2180 communia
755 2092 839 2152 sunt.
877 2085 1011 2149 Dudum
1033 2092 1141 2150 autem
1164 2086 1277 2150 audire
1299 2086 1378 2150 mihi
1399 2086 1510 2150 videor

288 2206 473 2288 quempiam
496 2206 671 2272 dicentem:
695 2206 849 2288 quidnam
871 2205 1026 2288 praesidii
1047 2203 1180 2268 tandem
1195 2225 1327 2287 sperare
1342 2226 1400 2268 000
1415 2226 1510 2288 posse

286 2324 472 2406 putabimus
510 2346 550 2388 ex
588 2325 776 2407 apographo
817 2324 887 2387 aevi
915 2328 991 2409 tam
1024 2323 1164 2386 recentis
1197 2322 1410 2406 omnibusque
1442 2323 1509 2388 fere

287 2444 484 2508 deteriorum
517 2442 665 2507 codicum
699 2443 834 2506 maculis
867 2438 1057 2525 inquinato?
1098 2437 1148 2504 At
1174 2441 1252 2505 licet
1279 2441 1442 2505 recentior
1469 2443 1512 2505 sit

287 2563 399 2642 ceder,
432 2584 471 2626 ex
497 2561 723 2645 limpidissimo
752 2560 840 2623 fonte
869 2580 940 2623 eum
971 2558 1150 2622 derivatum
1173 2579 1243 2623 esse
1265 2559 1371 2623 habeo
1394 2559 1510 2642 quibus

287 2682 439 2765 aperiam.
503 2679 550 2744 Ut
591 2702 659 2744 rem
701 2680 790 2744 brevi
832 2677 1029 2761 praecidam,
1071 2677 1156 2741 inter
1193 2677 1437 2742 Bruxellensem
1479 2683 1511 2741 et

286 2801 598 2864 Laurentianum
619 2803 647 2863 is
670 2798 859 2862 observatur
882 2818 1065 2874 000000000,
1089 2816 1185 2878 quem
1208 2797 1298 2859 casui
1321 2796 1392 2860 dari
1414 2818 1509 2879 posse

287 2939 381 2983 nemo
416 2939 513 2982 00000
547 2917 609 2982 sibi
644 2916 850 3000 persuadeat.
901 2912 984 2978 Oum
1012 2933 1096 2978 nova
1128 2914 1286 2977 nonnulla
1311 2914 1345 2976 10
1371 2920 1510 2997 utroque

287 3039 411 3121 pariter
426 3038 585 3102 accedant
601 3042 669 3100 tum
686 3035 772 3118 quod
786 3035 962 3099 maximum
976 3032 1104 3115 pondus
1119 3031 1220 3096 habet
1232 3031 1312 3096 ordo
1326 3033 1511 3113 eclogarum

287 3157 321 3220 in
347 3162 486 3239 utroque
515 3155 685 3218 exhibetur
713 3158 781 3218 tarn
812 3153 910 3236 plane
939 3152 1137 3233 conspirans,
1171 3156 1207 3213 ut
1239 3150 1366 3214 codices
1395 3151 1511 3233 quibus

289 3275 340 3338 usi
373 3280 448 3338 sunt
481 3295 521 3338 ex
555 3273 714 3338 consimili
748 3271 896 3346 eiusdem
918 3269 1117 3334 recensionis
1146 3269 1324 3351 exemplari
1350 3270 1511 3333 derivatos

291 3411 361 3455 esse
388 3391 596 3455 manifestum
623 3393 675 3456 sit.
721 3389 927 3472 Quamquam
955 3389 1019 3452 duo
1050 3385 1186 3451 Stobaei
1214 3388 1377 3451 volumina
1404 3387 1511 3452 adhuc

290 3510 464 3574 coniuncta
487 3509 695 3592 exscripsisse
710 3509 977 3585 Laurentianum,
1000 3505 1244 3570 Bruxellensem
1267 3528 1367 3570 unum
1383 3511 1511 3570 tantum

290 3649 320 3710 q.
345 3627 374 3692 d.
394 3627 607 3709 Florilegium
629 3629 694 3692 iarn
719 3649 817 3710 supra
838 3627 956 3690 monui.
994 3624 1090 3689 Unde
1112 3629 1227 3707 pateat
1249 3624 1394 3688 codicem
1417 3647 1512 3708 quem

290 3746 452 3829 excerpsit
470 3745 693 3811 Bruxellensis
717 3750 825 3811 aetate
847 3745 944 3828 paulo
959 3743 1152 3807 'interiorem
1175 3741 1276 3806 fuisse
1299 3744 1512 3808 Laurentiani

288 3865 385 3944 10010,
403 3887 498 3948 quem
514 3864 556 3929 ad
572 3865 733 3930 decimum
747 3864 798 3929 vel
812 3863 1018 3929 undecimum
1034 3862 1200 3926 saeculum
1214 3863 1341 3926 rettulit
1355 3862 1508 3927 Dilesius.

373 3985 426 4048 De
460 3985 621 4067 exscripto
650 3981 794 4048 Stobaeo
823 3984 857 4047 in
883 3983 1042 4064 florilegio
1073 3981 1294 4046 Laurentiano
1324 3982 1420 4046 hodie
1447 4005 1512 4047 non

289 4109 340 4168 est
362 4103 449 4188 quod
472 4124 531 4184 ego
555 4103 777 4186 quaestionem
798 4107 952 4180 retexam,
975 4105 1147 4184 postquam
1163 4099 1430 4164 Wachsmuthius
1445 4123 1513 4165 rem

290 4222 428 4286 absolvit
449 4224 484 4286 in
500 4223 633 4305 egregia
648 4221 688 4284 de
704 4218 841 4283 Stobaei
854 4221 988 4302 Eclogis
1005 4219 1277 4284 commentatione
1293 4241 1379 4283 nunc
1394 4220 1513 4283 iterata

290 4361 363 4404 cum
392 4342 538 4405 auctario
562 4337 664 4404 ι81011.
694 4361 733 4402 zu
761 4337 824 4401 den
850 4359 897 4421 gr.
918 4337 1042 4432 Floril’
1065 4359 1096 4419 p.
1121 4341 1159 4400 55
1184 4359 1251 4420 sqq.
1296 4339 1408 4402 Pauca
1430 4360 1513 4422 quae

287 4459 341 4522 hic
363 4459 440 4522 sciri
462 4459 592 4522 intersit
612 4459 646 4521 10
668 4459 857 4521 memoriam
878 4478 1004 4522 revoco.
1042 4453 1140 4537 Quod
1162 4458 1385 4539 gravissimum
1409 4463 1512 4520 estne
