3570 5356
1442 469 1480 528 31

260 647 313 711 ὃόο
341 648 428 710 ποιοῦ
447 643 578 727 οιαιροὺς
601 665 627 710 τ.
652 648 690 724 l,
721 665 819 725 quam
846 664 956 708 veram
983 643 1156 708 lectionem
1185 664 1255 709 esse
1279 641 1486 707 confirmatur

259 771 293 830 et
315 762 413 831 Vind.
446 768 479 827 et
501 762 590 828 Max.
614 785 644 845 p.
669 767 728 828 597
754 760 885 844 Oomb.;
915 766 965 841 16,
991 767 1028 826 12
1051 784 1082 844 p.
1107 766 1199 848 273,5
1222 768 1256 826 et
1277 763 1311 826 in
1332 761 1431 826 Brux.
1456 767 1488 825 et

258 885 292 947 in
315 880 384 947 ST
412 887 463 946 est
490 882 587 946 lectio
615 882 754 946 fortasse
777 880 865 945 haud
888 879 1071 962 spernenda
1093 881 1118 942 ὦ
1142 884 1211 965 (pro
1235 883 1290 966 ὼς)
1314 881 1484 963 δυστυχεῖς,

264 1003 359 1065 όσοισι
375 1005 426 1063 τοῦ
443 1001 570 1084 κέρδους
587 1001 678 1083 χάριν
695 1000 758 1063 ντὲ.
795 998 902 1063 Multo
916 1019 991 1062 vero
1006 999 1109 1063 maior
1124 1004 1173 1063 est
1187 1019 1299 1064 earum
1313 998 1488 1063 lectionum

261 1138 423 1198 numeruS,
453 1118 570 1200 quibus
597 1123 634 1182 ut
660 1118 726 1182 dixi
748 1117 846 1183 Brux.
869 1138 979 1181 verum
1000 1117 1051 1181 vel
1074 1117 1160 1181 solus
1183 1118 1329 1182 servavit.
1373 1116 1486 1181 Bonae

258 1243 355 1302 notae
377 1237 534 1302 lectiones
561 1257 642 1319 quas
658 1236 834 1319 Bevingius
858 1234 1141 1300 commendaverat
1157 1235 1347 1320 plerumque
1362 1235 1487 1318 recepit

261 1355 453 1420 Meinekius.
490 1355 683 1436 Largiorem
701 1374 839 1440 messem
855 1353 961 1418 obfert
975 1353 1144 1418 Thomana
1160 1354 1299 1419 collatio.
1327 1353 1375 1418 Ut
1388 1344 1493 1419 unnin'

261 1475 439 1540 alterumve
456 1474 637 1556 exemplum
652 1493 807 1556 promam,
831 1473 865 1536 in
888 1470 1002 1553 ecloga
1017 1471 1224 1555 Pythagorea
1240 1479 1290 1550 24,
1314 1478 1332 1536 8
1348 1474 1487 1537 rectiore

261 1594 374 1659 ordine
397 1592 529 1657 exhibet
542 1592 642 1657 Brux.
666 1589 749 1654 κακὰ
772 1589 868 1672 μείζω
891 1587 1005 1673 πάσχει
1022 1586 1072 1651 διὰ
1087 1595 1139 1653 τοῦ
1156 1591 1326 1660 συνειδότος
1342 1591 1358 1653 ό
1375 1588 1487 1653 ἀδικῶν

261 1713 281 1795 ἢ
306 1712 322 1774 ό
343 1719 391 1796 τῷ
413 1711 555 1794 σώματι
584 1709 878 1796 βασανιζόμενος
906 1704 958 1770 καὶ
983 1709 1051 1778 ταῖς
1075 1709 1210 1793 πληγαῖς
1234 1707 1486 1792 μαστιγούμενος,

263 1831 349 1913 quod
372 1829 514 1895 'Phomas
536 1829 558 1896 1.
584 1851 608 1893 s.
631 1851 661 1912 p.
687 1833 726 1892 33
749 1829 818 1891 iure
841 1827 997 1909 praetulit
1018 1827 1124 1892 verbis
1147 1827 1293 1892 obscuris
1315 1829 1349 1892 in
1371 1826 1488 1893 ΛΒΤ

260 1949 502 2033 βασανιζόμενος
529 1949 550 2031 ἢ
578 1949 594 2010 ό
621 1953 665 2032 τῷ
689 1947 817 2029 σώματι.
861 1944 957 2010 Idem
985 1951 1075 2010 recte
1103 1946 1222 2011 iterum
1251 1946 1490 2012 commendavit

217 2112 220 2128 .
260 2089 291 2150 p.
316 2072 355 2131 31
381 2067 546 2149 egregiam
570 2066 691 2132 codicis
714 2065 886 2129 lectionem
908 2065 943 2128 in
966 2064 1079 2146 ecloga
1104 2070 1151 2142 19,
1177 2069 1215 2128 16
1239 2071 1382 2148 spretam
1397 2066 1488 2131 illam

261 2185 394 2267 quidem
423 2206 443 2249 a
465 2184 632 2249 Meinekio
652 2207 680 2249 ν.
703 2184 723 2249 Ι
744 2207 775 2268 p.
801 2189 885 2267 305„
916 2205 1013 2267 quam
1035 2183 1210 2265 Bevingius
1232 2184 1298 2248 iam
1326 2184 1490 2250 obtulerat

258 2325 293 2386 p.
327 2307 376 2367 21.
418 2303 660 2367 Recenticrum
696 2304 903 2367 coniecturae
939 2300 1027 2366 haud
1064 2322 1139 2366 raro
1179 2301 1423 2368 confirmantur:
1456 2305 1490 2367 in

262 2420 406 2486 Musonii
443 2423 609 2485 enuntiato
641 2428 669 2499 5,
703 2426 742 2485 76
779 2421 846 2483 ’ἐστι
879 2420 967 2505 quod
999 2425 1074 2485 ante
1108 2424 1161 2503 τῆς
1193 2417 1340 2503 ἀκρασίας
1371 2421 1490 2504 legitur

257 2540 377 2604 abesse
406 2530 534 2603 'maluit
570 2539 753 2604 Meinekius
794 2544 929 2622 propter
969 2539 1187 2603 membrorum
1229 2540 1491 2620 concinnitatem,

261 2661 384 2724 frustra
418 2658 584 2741 quaeritur
616 2659 650 2722 in
679 2658 779 2722 Brux.
815 2663 848 2722 et
878 2659 912 2722 in
940 2659 1040 2723 Laur.
1097 2655 1193 2741 Quod
1234 2657 1320 2722 idem
1352 2660 1491 2724 coniecit

258 2776 420 2860 προέλθοι
456 2796 516 2860 pro
554 2775 725 2861 προσέλθοι
758 2783 810 2857 19,
847 2783 885 2842 16
916 2778 936 2841 Ι
968 2800 999 2861 p.
1032 2781 1108 2859 304,
1143 2798 1182 2840 cx
1212 2775 1311 2840 Brux.
1344 2778 1489 2861 recipere

261 2896 377 2978 potuit,
404 2917 464 2961 nec
495 2916 561 2960 non
591 2893 708 2958 ἄτοπον
736 2896 823 2979 quod
852 2915 911 2979 pro
940 2895 1082 2960 absurdo
1107 2890 1223 2958 ἄπονον
1248 2901 1297 2974 20,
1328 2903 1366 2962 55
1389 2898 1492 2962 voluit

266 3011 469 3079 Gaisiordus.
513 3012 571 3078 Ad
598 3019 647 3094 22,
674 3018 715 3079 26
743 3037 774 3099 p.
798 3020 873 3099 339,
901 3016 983 3080 haec
1005 3013 1175 3078 adnotavit
1195 3014 1378 3078 Meinekius
1400 3015 1489 3080 Add.

262 3155 292 3215 p.
315 3131 418 3196 LXI:
449 3132 547 3197 rcihilc'
578 3138 622 3198 est
649 3133 776 3199 verbum
804 3133 978 3209 ἀλαζονὲω,
1010 3132 1207 3198 scribendam
1236 3130 1272 3193 όν
1303 3130 1426 3204 ἀλαζὼν
1455 3121 1491 3216 ᾖς

262 3252 359 3332 idque
388 3252 495 3333 ipsum
525 3256 632 3315 exstat
658 3253 692 3316 in
713 3253 814 3317 Brux.
866 3253 907 3316 In
936 3252 995 3316 ecl.
1018 3255 1070 3325 44,
1092 3257 1142 3315 20.
1166 3255 1203 3316 21
1234 3272 1262 3314 ν.
1285 3251 1325 3315 ΙΙ
1346 3275 1377 3335 p.
1403 3257 1492 3337 16313

264 3362 316 3428 καὶ
359 3369 553 3450 particulam
597 3375 674 3434 ante
716 3369 952 3454 ἀναβλέποντας
994 3371 1086 3435 uncis
1123 3375 1292 3453 saepserat
1333 3371 1491 3456 Heynius,

264 3506 361 3566 quam
397 3486 526 3567 ignorat
559 3487 658 3554 Brux.
714 3490 809 3554 Idem
843 3488 1017 3553 dicendum
1053 3494 1104 3553 est
1135 3488 1175 3554 de
1214 3489 1311 3554 simili
1350 3491 1492 3574 quadam

266 3603 411 3669 Nauckii
434 3608 635 3672 correctione
657 3607 691 3671 in
713 3609 772 3672 ecl.
796 3612 847 3685 46,
872 3613 921 3672 78.
956 3607 1117 3673 Memoria
1134 3608 1251 3691 dignae
1274 3615 1369 3673 erunt
1382 3609 1491 3674 variae

266 3722 422 3789 lectiones
444 3724 479 3789 in
494 3719 660 3793 Hieroclis
682 3725 754 3790 loco
780 3731 829 3805 39,
853 3731 894 3792 34
916 3750 946 3810 p.
964 3732 1127 3811 6111sqq,
1152 3727 1326 3810 quibusda
1345 3727 1490 3792 Thomas

257 3843 470 3909 collationem
502 3845 611 3911 adeas
656 3845 818 3910 Maiorem
851 3867 962 3910 curam
989 3847 1134 3929 postulat
1164 3847 1278 3930 ecloga
1301 3851 1330 3929 5,
1361 3853 1409 3926 75,
1436 3846 1492 3912 ubi

263 3961 484 4030 Bruxellensis
502 3985 575 4027 cum
590 3964 690 4030 Laur.
708 3965 859 4046 cognatio
876 3965 975 4030 etiam
991 3967 1180 4048 gravissima
1197 3966 1374 4031 lectionum
1390 3965 1492 4030 diver·

222 4072 224 4075 ’
263 4083 360 4144 sitate
383 4080 436 4161 (cf.
452 4081 598 4146 Thomae
621 4083 694 4148 coll.
710 4107 741 4167 p.
758 4086 811 4170 20)
829 4085 1072 4166 comprobatur;
1097 4090 1148 4165 17,
1169 4090 1220 4163 20,
1242 4084 1336 4162 aliae,
1360 4085 1491 4166 quaein
1557 4149 1559 4152 ,

262 4203 451 4263 transcursu
480 4222 546 4265 non
567 4203 694 4284 possint
715 4205 860 4269 tractari.
905 4202 1060 4269 Ceterum
1082 4205 1134 4268 vix
1156 4203 1274 4268 iterum
1296 4203 1492 4268 monendum

256 4317 369 4381 estin
392 4317 525 4400 singulis
549 4341 674 4386 summa
698 4321 848 4387 cautione
871 4343 951 4406 opus
971 4343 1050 4388 esse.
1087 4322 1181 4390 Nihil
1197 4325 1283 4387 enim
1298 4323 1400 4405 magis
1417 4343 1492 4386 con-

256 4440 452 4502 sentaneum
482 4460 580 4521 quam
601 4441 634 4504 in
657 4442 846 4526 apographo
869 4445 937 4506 tam
959 4443 1099 4507 recentis
1122 4443 1241 4507 aetatis
1264 4441 1492 4507 vetustioribus
