3570 5356
1334 471 1481 557 ,ου

254 655 434 739 praefixum
457 655 508 718 sit.
548 652 719 718 Excidisse
743 657 852 716 autem
877 651 1019 734 aliquem
1041 651 1147 714 locum
1172 651 1238 715 iam
1259 649 1481 714 Laurentiano

256 774 374 839 collato
400 774 515 852 elucet,
541 775 597 856 qui
618 774 703 835 inter
726 771 805 834 duas
830 770 962 852 eclogae
988 773 1039 846 11,
1063 775 1101 832 25
1126 767 1303 851 particulas
1318 767 1339 832 i.
1363 787 1389 831 e.
1407 770 1481 848 post

257 892 456 976 ἀληθεύωσιν
484 891 586 955 habet
613 890 732 954 lemma
758 885 961 972 Ἡροδότου
993 887 1166 971 ἱστοριῶν
1194 887 1226 966 Γ,
1261 892 1412 968 spectans
1440 884 1482 947 ad

254 1012 312 1075 ecl.
339 1015 388 1091 12,
417 1015 456 1074 23
490 1014 565 1093 post
589 1013 636 1086 ll,
667 1010 723 1071 25¹>
747 1008 932 1073 exhibitam.
977 1007 1064 1072 Rem
1087 1026 1162 1070 vero
1188 1005 1317 1068 conficit
1339 1001 1372 1068 A
1394 1000 1478 1066 MS

255 1129 413 1194 librorum
437 1129 647 1211 comparatio.
685 1125 772 1190 Miro
796 1128 880 1190 enim
903 1145 1064 1189 consensu
1086 1129 1162 1207 post
1177 1123 1247 1187 ecl.
1275 1128 1321 1200 ll,
1347 1127 1386 1186 25
1409 1123 1429 1186 i.
1454 1143 1480 1187 e.

258 1253 335 1331 post
358 1245 459 1332 ψυχὴν
483 1242 620 1329 ἀληθείᾳ
644 1245 789 1327 eclogam
813 1243 937 1308 addunt
962 1248 1010 1323 12,
1040 1248 1080 1306 23
1101 1240 1272 1326 Ἡροδότου
1297 1237 1432 1324 ἱστορίας
1455 1242 1479 1324 γ’

256 1367 316 1448 (sic
340 1364 374 1428 A
395 1366 455 1446 M).
502 1363 577 1428 ἔνθα
605 1367 662 1448 γάρ
685 1387 713 1426 τι
736 1363 785 1426 δεῖ
807 1361 858 1424 καὶ
882 1364 993 1447 ψεῦδος
1018 1361 1172 1444 λέγεσθαι,
1196 1359 1347 1442 λεγέσθω.
1392 1359 1483 1424 Nihil

255 1485 355 1566 igitur
383 1475 487 1566 magis
520 1486 727 1568 perspicuum
756 1488 806 1546 est
834 1502 931 1564 quam
959 1481 1105 1546 ordinem
1137 1501 1231 1562 quem
1259 1478 1480 1543 Bruxellensis

253 1602 559 1685 Laurentianusque
582 1603 823 1685 exscripserunt
844 1601 944 1664 luisse
966 1599 1068 1664 hunc:
1131 1616 1139 1640 -·

257 1727 306 1802 11,
330 1727 395 1785 25²
422 1719 626 1805 Πυθαγόρου.

340 1838 528 1925 Πυθαγόρας
552 1836 722 1923 ἐρωτηθεὶς
738 1833 767 1900 τί
780 1840 913 1901 ποιοῦσιν
937 1834 1094 1921 ἄνθρωποι
1107 1837 1192 1905 θεοῖς
1216 1835 1319 1917 όμοιον
1332 1830 1391 1916 ἔφη
1408 1828 1481 1894 “etv

382 1957 609 2042 ἀληθεύωσιν.“

336 2075 508 2160 Ἡροδότου
533 2070 679 2158 (ἱστορίας
703 2075 737 2157 γ’.
825 2048 828 2060 ,
866 2146 867 2150 ἵ

256 2197 388 2279 11251

345 2313 371 2376 οἱ
401 2315 434 2377 δὲ
458 2312 552 2396 μάγοι
576 2307 801 2396 ἀποφαίνονται
823 2314 878 2371 τοῦ
910 2310 1055 2392 μεγίστου
1079 2313 1139 2370 τῶν
1164 2308 1245 2370 θεῶν
1266 2345 1309 2374 -,-
1334 2300 1481 2388 ἀληθείᾳ.
1569 2340 1571 2344 v

258 2439 305 2512 12,
330 2437 369 2496 23

322 2550 416 2614 ’ἔνθα
440 2547 497 2633 γάρ
521 2572 549 2610 τι
572 2545 695 2611 δεῖκαὶ
719 2551 828 2634 ψεῦδος
845 2547 1001 2630 λέγεσθαι,
1026 2544 1175 2628 λεγέσθω.

257 2677 306 2749 11,
332 2663 576 2752 141αμβλίχοο
602 2665 784 2751 Σωπάτρῳ.)
814 2693 818 2706 ’

338 2787 487 2872 Ἀλήθεια
511 2787 573 2870 μέν,
598 2789 700 2871 ὥσπερ
724 2785 775 2848 καὶ
798 2781 933 2868 τοῦνομα
955 2784 1050 2868 δηλοῖ
1073 2822 1111 2830 -
1136 2785 1277 2867 ἐξαπατᾷ.

258 2907 395 2973 Omissis
434 2907 518 2971 enim
553 2908 586 2970 in
616 2906 716 2969 Brux.
753 2904 860 2968 vorbis
896 2925 979 2986 quae
1020 2905 1112 2968 uncis
1148 2903 1336 2966 inclusimus
1372 2900 1480 2966 nobile

257 3027 422 3092 Herodoti
464 3047 582 3089 nomen
620 3047 692 3090 curn
730 3022 904 3088 Iambliehi
944 3021 1134 3104 ambagibus
1172 3024 1361 3086 societatem
1398 3019 1478 3082 iniit.

258 3147 458 3228 Eulogarum
481 3146 626 3226 priorum
649 3143 787 3208 eundem
810 3141 956 3206 ordinem
977 3141 1076 3204 luisse
1099 3142 1132 3205 in
1155 3138 1322 3206 codicibus
1344 3137 1482 3203 Schowii

255 3265 332 3328 inde
361 3262 569 3328 manifestum
602 3269 660 3342 est,
685 3261 893 3344 quodetiam
924 3263 958 3325 in
982 3259 1120 3324 Schowii
1153 3260 1294 3324 editione
1318 3256 1482 3322 Herodoti

258 3381 378 3445 lemma
401 3380 484 3445 falso
508 3381 679 3464 copulatur
695 3401 768 3444 cum
785 3381 842 3444 ecl.
862 3387 909 3459 ll,
933 3381 999 3444 25b.
1038 3355 1177 3442 Codices
1193 3375 1224 3442 A
1241 3377 1279 3440 Μ
1295 3378 1341 3440 ita
1355 3382 1484 3440 tantum

256 3499 318 3564 boc
341 3501 412 3564 loco
435 3499 603 3583 paululum
627 3499 821 3583 discrepant,
845 3499 931 3581 quod
946 3519 1098 3580 perversa
1113 3497 1274 3560 lemmatis
1289 3496 1480 3560 traiectione

180 3674 182 3680 ,
258 3620 362 3682 vitata
382 3617 456 3682 loco
471 3617 663 3683 Herodoteo
687 3619 751 3703 (12,
776 3624 827 3695 23)
850 3618 948 3683 etiam
963 3638 1080 3681 nornen
1095 3616 1258 3680 Herodoti
1272 3614 1410 3679 inditum
1425 3620 1482 3677 est.

257 3735 353 3820 Quod
382 3743 492 3802 autem
520 3737 667 3820 eclogam
692 3743 740 3816 11,
766 3742 804 3801 14
826 3736 860 3800 Α
882 3737 920 3801 M
944 3740 1106 3816 omittunt,
1133 3757 1218 3800 nunc
1240 3736 1335 3800 facile
1358 3741 1407 3799 est
1430 3758 1482 3800 ex-

257 3857 384 3941 peditu:
410 3857 555 3940 eclogam
577 3857 663 3921 hanc
685 3857 718 3920 in
741 3857 853 3921 codice
876 3841 970 3940 quem
991 3857 1230 3939 exscripserunt
1246 3856 1362 3938 capitis
1379 3862 1483 3920 extre-

259 3997 346 4040 mum
372 3977 478 4040 locum
501 3977 654 4041 habuisse
678 3998 717 4041 ex
738 3977 961 4042 Laurentiano
983 3975 1253 4059 Bruxellensique
1275 3974 1483 4057 intellegitur.

259 4093 383 4159 Contra
406 4095 491 4159 idem
515 4101 613 4178 atque
635 4096 668 4158 in
692 4096 786 4161 editis
808 4097 898 4161 locus
916 4097 991 4161 huic
1008 4096 1140 4176 eclogae
1156 4095 1310 4159 tribuitur
1325 4115 1346 4157 a
1360 4092 1485 4184 Vindo-

257 4211 401 4292 bonomi,
424 4237 520 4299 quem
545 4214 763 4298 compluribus
785 4216 865 4279 locis
889 4237 963 4279 cum
977 4216 1011 4304 A
1026 4216 1064 4280 M
1087 4215 1274 4296 discrepare
1296 4213 1442 4277 vidimus.

341 4333 416 4396 Iam
436 4339 563 4399 utrem
588 4335 868 4418 comprehendam,
898 4334 985 4419 quod
1008 4357 1048 4400 ex
1070 4335 1131 4400 bac
1153 4334 1375 4399 Bruxellensis
1396 4331 1484 4396 Lau-

255 4452 459 4535 rentianique
494 4474 567 4518 cum
597 4455 634 4520 M
653 4458 684 4519 A
712 4456 923 4538 congruentia
947 4459 1156 4537 consequitur
1190 4454 1235 4518 eis
1269 4474 1352 4537 quae
1385 4472 1484 4535 supra
