3570 5356
328 1867 410 1932 (lum
425 1867 475 1932 bis
490 1867 569 1952 ipsis
586 1865 699 1930 diebus
722 1864 837 1947 quibus
858 1863 1013 1946 philologi
1034 1858 1229 1927 Germaniae
1253 1864 1465 1932 Oaroliruhae

241 1989 431 2050 conventum
455 1984 629 2064 celebrant,
653 1983 716 2048 iter
730 1983 808 2046 mihi
824 1982 1041 2064 Hispanicum
1056 1981 1236 2062 parandum
1253 1984 1302 2060 sit,
1324 1982 1464 2050 Ioannes

241 2102 402 2168 Stobaeus
437 2103 492 2186 qui
521 2124 572 2167 me
596 2101 709 2185 procul
743 2121 812 2164 esse
844 2101 935 2165 iubet
961 2100 1048 2163 idem
1077 2100 1175 2163 etiam
1207 2102 1382 2165 excusandi
1414 2123 1465 2168 me

240 2243 364 2300 munus,
393 2222 421 2285 si
444 2241 508 2303 qua
531 2219 738 2284 excusatione
760 2240 833 2283 mea
856 2239 935 2302 opus
958 2218 1065 2296 fiierit,
1088 2218 1122 2282 in
1144 2237 1179 2280 se
1201 2218 1296 2282 velim
1317 2221 1464 2304 recipiat,

240 2341 378 2404 maxime
413 2339 500 2422 apud
533 2340 654 2403 amicos
688 2337 879 2420 quibuscum
906 2357 993 2400 nuno
1025 2336 1064 2399 de
1093 2336 1154 2401 ho'c
1185 2336 1255 2417 ipso
1284 2338 1464 2403 studiorum

240 2479 357 2540 genere
379 2458 486 2521 varias
510 2477 593 2540 quae
615 2461 740 2520 restant
762 2454 967 2539 quaestiones
998 2453 1151 2517 familiari
1172 2475 1318 2520 sermone
1346 2477 1464 2540 expen-
1517 2473 1525 2490 ·
1562 2440 1564 2444 ’

240 2577 317 2639 dere
340 2576 463 2640 liceret.

324 2693 377 2759 Ac
400 2696 487 2759 venit
500 2716 604 2777 nuper
623 2695 656 2756 in
679 2712 792 2756 manus
815 2697 944 2756 nostras
961 2713 1019 2774 per
1042 2693 1205 2774 egregiam
1227 2691 1265 2757 P.
1289 2692 1462 2760 Thomas

239 2812 430 2896 professoris
447 2811 673 2876 Gandavensis
693 2809 924 2874 liberalitatem
946 2810 1077 2874 collatio
1099 2810 1221 2874 codicis
1242 2809 1465 2878 Bruxeliensis

237 2931 439 3014 plurifariam
460 2929 604 3012 insignia
633 2950 696 3012 quo
718 2929 813 2992 unius
835 2930 1038 3010 potissimum
1060 2929 1137 2992 libri
1168 2926 1346 2993 Stobaeani
1369 2932 1461 2996 baud

238 3071 356 3133 parvus
381 3049 567 3131 eclogarum
581 3069 734 3113 numerus
758 3050 951 3112 continetur.
996 3048 1094 3111 Hanc
1116 3048 1219 3130 ipsam
1245 3049 1460 3130 collationem,

240 3190 336 3253 quam
359 3167 537 3251 prudenter
560 3173 594 3232 et
616 3167 701 3231 sicut
715 3187 767 3230 res
783 3168 889 3249 poscit
903 3167 1044 3230 instituit
1059 3167 1097 3230 P.
1114 3166 1266 3245 Thomas,
1288 3173 1461 3252 postquam

239 3289 422 3371 diligentius
444 3307 531 3350 nuno
553 3286 700 3363 tractavi,
722 3285 787 3348 iam
810 3285 923 3368 quanti
945 3285 1167 3350 aestimandus
1183 3287 1224 3348 sit
1241 3285 1460 3351 Bruxellensis

240 3407 347 3490 quoad
370 3408 438 3470 eius
461 3404 557 3470 hodie
579 3403 651 3468 fieri
672 3405 793 3486 poterit
814 3402 926 3486 paucis
955 3402 1125 3486 inquiram.
1169 3401 1373 3486 Quamquam
1396 3426 1461 3469 non

237 3525 270 3588 in
300 3525 407 3588 animo
435 3530 499 3589 estv
515 3523 677 3587 variarum
704 3523 878 3586 lectionum
908 3541 1022 3603 greges
1049 3522 1265 3605 constipando
1294 3544 1334 3586 ea
1362 3522 1458 3588 hodie

237 3648 394 3726 repetere,
423 3663 506 3726 quae
533 3642 599 3704 iam
630 3640 752 3705 dudum
780 3640 819 3704 de
843 3639 957 3703 eodem
986 3640 1098 3704 codice
1120 3640 1242 3723 publici
1270 3641 1348 3705 iuris
1370 3641 1460 3706 facta

237 3768 320 3826 sunt.
358 3761 521 3826 Nimirum
537 3765 587 3824 est
601 3759 688 3824 idem
702 3759 785 3823 liber
800 3779 898 3822 manu
913 3759 1062 3841 scriptus
1080 3759 1171 3822 cuius
1187 3759 1319 3823 eximias
1335 3760 1460 3842 aliquot

236 3879 393 3943 lectiones
425 3879 484 3943 sed
514 3899 597 3961 quae
630 3878 671 3942 ad
698 3878 811 3960 viginti
838 3877 962 3960 priores
990 3882 1116 3942 tantum
1145 3857 1262 3943 titulos
1285 3879 1458 3961 pertinent,

237 3998 312 4062 olim
336 3997 497 4081 decerpsit
520 3996 657 4062 Carolus
676 3994 845 4081 Augustus
867 3996 1018 4077 Beving
1038 3995 1072 4060 in
1088 3997 1358 4061 commentatione
1373 4018 1458 4062 nunc

235 4117 367 4196 rariore,
392 4137 474 4200 quas
497 4115 684 4180 inscribitur
698 4117 897 4198 Remarques
918 4116 1068 4197 critiques
1081 4135 1135 4180 scr
1149 4115 1297 4197 quelques
1309 4136 1459 4201 pussupes

236 4237 272 4300 dc
294 4235 504 4320 l'Antbolopie
531 4237 568 4300 cle
592 4235 709 4317 Stobde,
732 4234 904 4300 Brucclles
935 4239 1025 4297 1833.
1069 4234 1123 4300 Dc
1151 4234 1311 4299 industria
1340 4235 1458 4300 deinde

235 4375 305 4418 rem
327 4372 499 4436 aggressus
513 4351 552 4416 P.
568 4351 736 4416 Thomas
758 4353 967 4435 integriorem
982 4352 1073 4415 dedit
1090 4352 1211 4416 codicis
1229 4373 1301 4416 cum
1317 4353 1458 4417 editione

235 4471 445 4536 Meinekiana
468 4471 674 4536 collationem
690 4471 799 4536 Rcvue
820 4471 857 4536 de
877 4471 1096 4536 l'Instructiou
1112 4471 1266 4553 Ilubliquc
1284 4471 1317 4537 Τ.
1335 4471 1465 4537 XVIII

1242 4581 1254 4625 1

284 4575 367 4613 Hense.
