3570 5356
313 454 353 514 30

314 629 474 711 disputavi
502 630 594 711 quasi
625 629 786 694 cumulum
816 629 916 694 addit.
966 628 1057 695 Ordo
1086 650 1107 694 a
1133 629 1266 712 vulgata
1288 627 1441 705 diversus,
1469 648 1532 710 quo

283 805 287 812 ,
313 748 412 812 Brux.
437 767 509 811 cum
531 745 630 812 haur.
655 749 827 830 conspirat,
850 754 978 815 tantum
998 749 1093 814 abest
1113 753 1150 812 ut
1172 769 1192 811 a
1214 745 1408 828 gnomologii
1423 746 1533 810 nescio

315 887 378 948 quo
403 863 568 930 conditore
590 886 648 948 per
663 865 833 930 arbitrium
847 866 991 932 invectus
1008 867 1059 945 sit,
1081 873 1118 930 ut
1134 886 1206 930 cum
1220 864 1311 928 libris
1328 859 1532 942 Stobaeanis‚

245 1025 246 1030 κ
313 985 487 1066 praecipue
511 1004 583 1047 cum
606 1003 645 1048 ea
667 983 854 1049 recensione
877 1006 960 1068 quae
982 985 1079 1049 hodie
1100 983 1184 1048 libro
1198 981 1419 1047 Escorialensi
1441 981 1535 1046 Pari·

314 1103 447 1185 sinuque
481 1107 744 1183 repraesentatur
779 1103 951 1167 artissimis
983 1102 1149 1167 societatis
1181 1100 1316 1164 vinculis
1351 1099 1534 1164 cohaereat.

315 1219 416 1285 Utin
438 1220 546 1303 operis
569 1217 748 1284 Stobaeaui
769 1219 845 1284 fatis
867 1241 971 1304 paene
993 1220 1073 1284 nihil
1094 1197 1276 1284 inauditum
1299 1223 1357 1298 est,
1381 1218 1427 1282 sic
1450 1238 1535 1282 nunc

315 1339 422 1402 evenit
454 1336 540 1421 quod
573 1338 683 1403 hercle
711 1338 852 1403 omnium
884 1339 1014 1403 minime
1046 1338 1229 1421 exspectari
1251 1341 1397 1419 poterat:
1433 1336 1536 1401 codex

316 1463 424 1522 aetate
447 1457 543 1521 facile
565 1456 805 1521 recentissimus
827 1456 966 1541 ideoque
986 1459 1019 1521 in
1035 1457 1167 1539 singulis
1183 1456 1267 1520 male
1282 1454 1413 1519 habitus
1429 1454 1537 1519 subito

315 1577 400 1639 inter
427 1565 668 1659 antiquissimos
698 1580 798 1639 testes
825 1577 936 1640 sedem
964 1597 1055 1640 suam
1084 1581 1266 1657 recuperat.
1314 1573 1401 1640 Nam
1430 1579 1467 1638 ut
1498 1595 1538 1638 ea

313 1716 398 1759 nunc
425 1696 553 1760 mittam
577 1715 659 1777 quae
683 1693 723 1758 de
747 1692 859 1758 codice
882 1695 1045 1760 Photiano
1067 1692 1294 1759 ratiocinando
1318 1679 1535 1775 adsequimdr,

313 1818 445 1896 praeter
470 1815 576 1896 ipsum
602 1813 861 1877 Laurentianum
889 1833 985 1894 quem
1012 1834 1052 1877 ex
1079 1812 1238 1877 consimili
1266 1811 1323 1876 sed
1351 1831 1414 1894 quo
1438 1812 1536 1876 etiam

314 1932 390 1995 libri
400 1931 463 1995 duo
474 1933 597 2014 priores
614 1929 856 1996 continerentur
872 1931 1048 2013 exemplari
1063 1936 1280 2014 propagatum
1295 1949 1366 1995 esse
1380 1929 1537 1994 intellexi-

316 2071 402 2128 mus,
431 2051 482 2114 vix
510 2050 674 2132 antiquior
699 2048 796 2114 hodie
819 2048 988 2132 Florilegii
1020 2071 1049 2132 q.
1073 2048 1102 2113 d.
1136 2048 1239 2114 codex
1265 2048 1387 2132 poterit
1413 2047 1539 2112 definiri

315 2190 412 2250 quam
434 2169 462 2232 is
486 2189 526 2232 ex
548 2188 611 2250 quo
634 2166 781 2233 derivata
803 2175 879 2232 sunt
901 2173 1054 2252 excerpta
1077 2167 1315 2234 Bruxellensia.

400 2283 474 2369 Qua
495 2291 669 2370 perspecta
691 2287 814 2370 origine
838 2288 938 2350 etiam
958 2287 1020 2351 hoc
1043 2286 1129 2370 quod
1152 2291 1251 2351 antea
1270 2282 1453 2350 mirandum
1468 2289 1539 2350 erat

314 2426 400 2468 nunc
423 2410 538 2487 sponte
560 2404 761 2487 intellegitur
781 2405 814 2468 in
838 2410 992 2469 contextu
1011 2405 1181 2487 Florilegii
1203 2425 1443 2486 nonnumquam
1469 2404 1537 2467 solo

315 2523 519 2590 Bruxellensi
545 2544 655 2587 veram
684 2523 860 2589 lectionem
890 2529 1051 2586 servatam
1083 2543 1162 2587 esse.
1205 2523 1247 2587 In
1268 2524 1452 2587 universum
1473 2523 1538 2585 iam

316 2662 414 2724 supra
437 2647 606 2705 contextus
628 2638 770 2705 indolem
792 2640 860 2705 fere
884 2641 1020 2705 eandem
1036 2662 1107 2706 esse
1122 2642 1231 2707 monui
1246 2648 1344 2725 atque
1360 2639 1480 2705 codicis
1494 2639 1537 2704 A.

315 2761 382 2824 Res
405 2759 464 2826 tibi
493 2756 752 2842 persuadebitur,
784 2760 811 2824 si
837 2759 982 2823 Thomas
1006 2760 1212 2838 collationem
1239 2761 1324 2844 typis
1353 2779 1538 2843 expressam

315 2879 366 2943 vel
388 2898 461 2943 eum
477 2874 707 2943 Gaisfordiano
730 2884 891 2962 apparatu
913 2878 1127 2944 contenderis.
1164 2879 1280 2962 Neque
1303 2879 1389 2942 enim
1411 2899 1449 2942 eo
1471 2897 1538 2940 mo·

315 2997 456 3084 rebaris,
496 2997 582 3080 quod
613 3017 728 3062 recens
761 2998 982 3081 apographum
1022 3002 1072 3061 tot
1110 3018 1209 3062 novas
1242 2995 1333 3062 labes
1367 2999 1538 3062 contraxit

316 3113 382 3180 Sed
411 3119 487 3178 sunt
516 3115 632 3198 quibus
659 3136 695 3180 re
721 3135 798 3179 vera
825 3115 1018 3199 discrepent,
1048 3117 1200 3181 nimirum
1227 3117 1284 3181 uhi
1312 3118 1411 3182 etiam
1438 3116 1537 3180 Laur.

317 3255 389 3298 cum
405 3233 437 3296 A
461 3233 618 3312 dissentit,
641 3235 729 3299 velut
750 3255 868 3317 magna
882 3234 940 3298 illa
953 3235 987 3298 in
1004 3240 1158 3300 contextu
1173 3236 1231 3299 ecl.
1247 3239 1275 3315 5,
1300 3241 1339 3301 75
1356 3234 1539 3300 differentia

314 3372 375 3416 neo
402 3372 466 3416 non
493 3352 684 3416 traiectione
710 3345 743 3416 ih
774 3358 822 3429 11,
851 3357 891 3416 23
923 3374 1022 3437 supra
1044 3353 1198 3434 exhibita,
1227 3355 1309 3420 aliis.
1353 3353 1420 3418 Ubi
1441 3353 1541 3436 igitur

314 3469 537 3535 Laurentiano
564 3491 721 3549 caremus,
746 3470 968 3535 Bruxellensis
990 3472 1066 3536 libri
1089 3479 1276 3538 contextum
1298 3494 1539 3556 nonnumquam

315 3611 386 3654 esse
416 3588 566 3653 Parisino
594 3589 874 3671 praestabiliorem
904 3591 1099 3674 sperandum
1128 3599 1187 3658 est.
1231 3593 1303 3658 Neo
1331 3592 1540 3657 frustraberis

316 3710 378 3772 hac
408 3707 660 3790 exspectatione.
709 3706 855 3772 Primum
886 3709 950 3774 huc
978 3710 1182 3776 referendum
1209 3717 1259 3776 est
1290 3710 1376 3795 quod
1403 3711 1540 3793 egregiis

315 3826 508 3892 lectionibus
536 3826 589 3890 hic
614 3826 681 3890 illic
710 3847 783 3890 cum
805 3825 1050 3895 Vindobonensi
1076 3832 1181 3913 potius
1205 3831 1363 3911 congruit.
1408 3828 1464 3895 Sic
1489 3834 1539 3910 29,

316 3952 355 4010 75
379 3952 460 4009 extr.
484 3946 518 4008 in
539 3945 645 4010 verbis
668 3948 762 4007 ταῦτα
786 3944 840 4028 μὲν
863 3943 914 4008 καὶ
937 3947 1052 4010 τοιαῦθ’
1077 3947 1167 4032 ἕτερα
1189 3945 1258 4012 εἷπε
1273 3949 1352 4030 τότε,
1375 3944 1540 4032 ἐπεγείρων

315 4059 367 4126 καὶ
390 4068 555 4148 παρορμῶν
577 4062 647 4134 τοὺς
670 4064 820 4147 παρόντας
844 4067 938 4130 πόνου
963 4066 1004 4150 μὴ
1028 4068 1232 4152 καταφρονεῖν
1253 4068 1287 4132 id
1310 4067 1398 4151 quod
1414 4069 1447 4133 in
1461 4068 1539 4133 ΑΤ

314 4159 365 4246 est
388 4179 429 4264 μὴ
452 4187 541 4246 recte
564 4182 708 4247 omisisse
724 4183 967 4250 Bruxellensem
983 4185 1126 4252 Thomas
1147 4187 1308 4251 intellexit
1329 4187 1349 4251 l.
1372 4208 1395 4250 s.
1412 4209 1436 4250 s.
1451 4209 1483 4269 p.
1500 4191 1539 4250 35

316 4300 398 4365 conl.
420 4300 571 4366 lemmate
589 4298 771 4366 Μουσωνίου
795 4304 830 4367 ἐκ
853 4308 904 4367 τοῦ
925 4306 970 4368 ὅτι
985 4309 1079 4369 πόνου
1096 4305 1353 4390 καταφρονητέον.
1389 4307 1435 4369 Et
1450 4305 1543 4370 deest

316 4419 357 4501 μὴ
381 4418 479 4483 etiam
501 4421 534 4484 in
550 4419 588 4500 S;
612 4426 661 4500 34,
685 4427 703 4485 6
726 4444 785 4505 pro
810 4423 862 4486 δύο
885 4421 1008 4506 καιροὺς
1031 4429 1117 4488 ποιοῦ
1141 4429 1192 4487 τοῦ
1209 4425 1310 4508 λέγειν
1325 4425 1425 4491 Brux.
1441 4424 1542 4488 habet
