3570 5356
318 484 358 543 28

320 659 407 724 Hinc
438 680 538 741 usqae
570 661 612 726 ad
642 662 698 742 1111.
727 683 787 726 om.
815 660 858 725 A’
881 661 968 726 refer
999 661 1107 743 potius
1141 659 1183 724 ad
1206 659 1306 724 verba
1340 681 1422 743 quae
1457 660 1540 725 inse-

318 784 459 860 quuntur
486 777 606 861 λέγεται
634 778 668 841 δὲ
696 775 748 841 καὶ
767 776 894 842 ’Άνοτον
921 802 951 863 p.
976 785 1072 862 17823‚
1099 799 1164 842 non
1192 798 1255 861 quo
1282 799 1367 843 nunc
1390 785 1539 862 spectare

318 895 373 959 ille
417 894 583 962 adnotavit
630 897 892 962 homoeoteleuto
925 899 1076 961 nimirum
1118 894 1284 978 deceptus.
1313 935 1355 946 -
1383 894 1539 962 Ceterum

319 1013 496 1078 cavendum
531 1021 580 1080 est
618 1038 659 1080 ne
693 1015 798 1080 obiter
836 1036 987 1080 numeros
1034 1015 1210 1098 respiciens
1244 1015 1339 1079 citius
1373 1016 1539 1098 vulgarem
1610 1053 1614 1058 ·

317 1132 466 1196 ordinem
502 1134 535 1197 in
573 1133 672 1197 Brux.
714 1134 965 1216 deprehendisse
1008 1133 1070 1198 tibi
1102 1134 1251 1199 videaris.
1285 1135 1385 1201 Velut
1422 1136 1538 1218 capitis

318 1252 492 1344 duodecimi
516 1250 648 1332 eclogae
671 1251 718 1315 sic
741 1273 775 1316 se
804 1253 969 1334 excipiunt
992 1259 1018 1316 1.
1043 1258 1072 1316 4.
1096 1258 1124 1316 5.
1151 1259 1198 1317 14.
1235 1259 1283 1318 18.
1319 1258 1368 1332 20,
1402 1260 1439 1317 ut
1471 1254 1538 1318 vul-

317 1373 413 1450 gatae
433 1369 516 1446 ordo
541 1370 685 1444 exhiberi
707 1369 856 1434 videatur
878 1372 1039 1436 nonnullis
1067 1373 1202 1436 omissis.
1246 1371 1357 1437 Aliter
1378 1371 1537 1438 indicabis

317 1488 344 1550 si
367 1487 513 1551 sedidem
534 1488 569 1552 A
591 1489 777 1572 inspexeris.
821 1487 868 1553 Ut
891 1489 932 1553 ab
961 1489 1113 1554 extremis
1136 1489 1294 1567 exordiar,
1329 1463 1427 1554 etiam
1449 1491 1483 1554 in
1504 1491 1539 1555 A

315 1606 373 1670 ecl.
411 1611 449 1670 18
485 1612 518 1670 et
546 1613 586 1672 20
613 1628 647 1671 se
684 1609 848 1689 excipiunt
881 1609 1005 1672 scilicet
1032 1583 1144 1690 ecloga
1174 1613 1212 1671 19
1246 1616 1321 1673 ante
1353 1615 1390 1675 18
1422 1612 1537 1692 posita,

314 1723 429 1788 eodem
452 1725 564 1790 ordine
587 1747 650 1808 quo
667 1727 700 1789 in
716 1724 752 1789 M
770 1725 869 1807 (quod
884 1726 962 1789 mihi
977 1727 1053 1789 clim
1070 1728 1213 1790 enotavit
1227 1729 1270 1791 A.
1287 1728 1460 1813 Tonstrik).
1496 1700 1538 1794 In

312 1844 404 1907 initio
427 1864 502 1907 vero
526 1865 608 1925 quae
632 1845 749 1907 desunt
772 1843 903 1925 eclogae
941 1849 959 1906 2
999 1851 1032 1908 et
1066 1850 1094 1922 3,
1130 1846 1209 1909 item
1239 1847 1355 1911 desunt
1376 1849 1409 1911 in
1431 1845 1465 1911 A
1486 1847 1533 1924 Μ,

313 1968 351 2024 ut
378 1962 493 2026 eadem
524 1962 692 2044 dispositio
722 1963 821 2026 etiam
843 1963 877 2026 in
900 1959 933 2026 A
957 1962 1073 2026 evadat
1099 1969 1123 2029 1.
1148 1969 1176 2028 4.
1202 1969 1229 2040 5,
1258 1964 1385 2029 diversa
1407 1966 1448 2029 ab
1472 1965 1535 2045 ST,

313 2101 449 2162 quorum
486 2081 565 2145 ordo
601 2081 653 2144 hic
684 2087 747 2145 est:
786 2087 812 2145 1.
844 2085 872 2143 2.
904 2085 932 2146 3.
963 2088 992 2145 4.
1023 2087 1051 2144 5.
1108 2078 1204 2161 Quod
1233 2089 1342 2147 autem
1371 2084 1405 2147 in
1434 2085 1535 2149 Brux.

313 2199 492 2263 cavendum
526 2199 600 2278 dixi,
633 2199 719 2262 idem
748 2200 789 2263 de
821 2199 953 2282 rehquis
985 2199 1107 2264 dictum
1134 2201 1216 2266 volo.
1261 2201 1439 2285 Vulgarem
1468 2202 1536 2266 fere

312 2319 458 2382 ordinem
491 2317 622 2381 exhibet
648 2317 683 2381 A
716 2318 749 2381 in
783 2310 891 2401 capite
924 2319 1039 2384 decimo
1073 2320 1174 2384 tertio.
1221 2318 1287 2384 Sed
1321 2321 1374 2385 hic
1408 2342 1535 2405 quoque

312 2436 408 2501 altius
441 2437 573 2500 rimanti
616 2437 734 2500 veteris
781 2436 999 2518 dispositionis
1032 2439 1170 2519 vestigia
1204 2447 1400 2520 comparent.
1447 2440 1535 2506 Nam

311 2555 397 2638 qdod
421 2556 552 2637 eclogae
586 2559 626 2618 38
661 2561 694 2618 et
726 2559 766 2619 43
801 2557 834 2618 in
873 2554 908 2618 A
950 2560 982 2619 et
1022 2556 1060 2619 M
1094 2558 1232 2621 omissae
1264 2564 1346 2634 sunt,
1378 2559 1413 2621 id
1447 2566 1534 2622 certe

312 2674 440 2739 facilem
469 2673 666 2756 explicatum
688 2673 796 2750 habet,
825 2675 852 2736 si
874 2674 970 2736 modo
994 2673 1055 2739 hoc
1078 2675 1263 2758 eclogarum
1287 2699 1347 2761 par
1370 2676 1479 2740 sedem
1501 2679 1535 2740 in

309 2795 483 2858 vetustiore
533 2791 644 2856 ordine
694 2792 771 2855 olim
820 2797 997 2856 extremam
1046 2793 1198 2858 habuisse
1241 2796 1464 2860 Laurentia-ni·
1500 2802 1533 2860 et

311 2912 532 2977 Bruxellensis
562 2931 721 2975 consensu
753 2931 838 2973 nunc
871 2909 1040 2991 probabile
1075 2917 1132 2977 est.
1178 2913 1260 2978 Cum
1294 2913 1389 2977 editis
1424 2920 1533 2979 antem

309 3033 388 3096 facit
412 3029 682 3097 Vindobonensis.
727 3029 826 3093 Mitto
855 3029 920 3092 alia
950 3031 1108 3094 eiusmodi
1138 3032 1422 3114 congruentiarnm
1450 3054 1533 3115 quae

309 3152 342 3215 in
364 3155 516 3232 promptu
538 3153 614 3213 sunt
636 3148 784 3230 exempla
807 3149 951 3231 quamvis
980 3146 1022 3211 ad
1050 3148 1084 3211 id
1113 3150 1199 3231 quod
1227 3150 1292 3214 dixi
1321 3150 1533 3232 comproban-

312 3268 388 3333 dum
414 3289 478 3332 non
501 3268 605 3332 minus
632 3267 758 3330 idonea.
803 3263 870 3330 Sed
893 3265 1026 3330 claudat
1058 3289 1175 3348 agmen
1202 3269 1362 3350 quaedam
1392 3269 1432 3333 de
1454 3270 1534 3334 lern-

310 3388 406 3452 matis
430 3385 621 3450 observatio.
665 3383 838 3449 Lemmata
849 3392 1005 3467 quantum
1021 3385 1184 3450 interdum
1216 3387 1345 3451 valeant
1365 3391 1463 3452 etiam
1491 3388 1534 3480 ad

308 3528 419 3570 verum
442 3505 626 3586 eclogarum
650 3504 796 3568 ordinem
818 3505 1077 3586 recuperandum
1110 3505 1176 3568 iam
1209 3506 1250 3569 ab
1282 3507 1353 3575 aliis
1387 3507 1532 3572 intellec-

205 3611 209 3620 ’
307 3633 376 3690 tum
400 3630 450 3688 est
471 3623 525 3708 (cf.
547 3621 815 3688 Wachsmuthius
839 3619 953 3687 ‘studi
976 3646 1006 3705 p.
1033 3629 1113 3702 108).
1164 3622 1273 3688 Unum
1294 3647 1379 3690 nunc
1401 3626 1532 3708 profero

310 3743 501 3825 exemplum,
530 3763 593 3824 quo
621 3741 720 3805 etiarn
747 3740 873 3805 lacunis
904 3741 1025 3806 codicis
1048 3743 1148 3806 Brux.
1178 3743 1299 3827 aliquid
1322 3742 1451 3809 luminis
1474 3745 1532 3810 ad·

280 3924 286 3934 ,
307 3868 488 3945 spargatur.
534 3857 643 3942 Caput
665 3861 866 3924 undecimam
889 3860 978 3924 hisce
1002 3859 1205 3924 concluditur
1227 3862 1259 3924 in
1281 3861 1391 3926 Brux.:

394 3985 441 4058 11,
471 3983 510 4042 25
534 3977 712 4062 πυθαγόρας
737 3974 906 4062 ἐρωτηθεὶς
930 3977 958 4039 τί
982 3983 1116 4041 ποιοῦσιν
1140 3975 1297 4063 ἄνθρωποι
1320 3980 1406 4052 θεοῖς
1426 3981 1532 4064 ὅμοιον

437 4095 497 4182 ἔφη
524 4097 596 4160 ιιἐὰν
620 4094 846 4180 ἀληθεύωσινίι.

394 4222 441 4294 11,
466 4219 507 4279 14
526 4212 707 4299 Ἡροδότου.

431 4332 591 4418 Ἀλήθεια
615 4335 678 4418 μέν,
701 4337 803 4418 ὥσπερ
826 4333 879 4398 καὶ
901 4333 1034 4418 τοῦνομα
1057 4334 1150 4420 δηλοῖ
1172 4373 1213 4382 -
1237 4334 1288 4398 καὶ
1312 4336 1455 4422 ἐξαπατᾷ.

304 4452 351 4516 Ut
378 4421 599 4518 mirc'errore
627 4453 790 4519 Herodoti
816 4475 934 4518 nomen
961 4475 1046 4518 nunc
1068 4453 1243 4518 lamblichi
1272 4455 1405 4538 eclogae
1439 4462 1532 4536 11,14
