<?xml version="1.0" encoding="UTF-8"?>
<!DOCTYPE html PUBLIC "-//W3C//DTD XHTML 1.0 Transitional//EN"
    "http://www.w3.org/TR/xhtml1/DTD/xhtml1-transitional.dtd">
<html xmlns="http://www.w3.org/1999/xhtml" xml:lang="en" lang="en">
 <head>
  <title>
</title>
<meta http-equiv="Content-Type" content="text/html;charset=utf-8" />
  <meta name='ocr-system' content='tesseract 3.04.00' />
  <meta name='ocr-capabilities' content='ocr_page ocr_carea ocr_par ocr_line ocrx_word'/>
</head>
<body>
  <div class='ocr_page' id='page_1' title='image "./destobaeifloril00hensgoog_0052.png"; bbox 0 0 3570 5356; ppageno 0'>
   <div class='ocr_carea' id='block_1_1' title="bbox 1447 542 1486 602">
    <p class='ocr_par' dir='ltr' id='par_1_1' title="bbox 1447 542 1486 602">
     <span class='ocr_line' id='line_1_1' title="bbox 1447 542 1486 602; baseline -0.026 0"><span class='ocrx_word' id='word_1_1' title='bbox 1447 542 1486 602; x_wconf 82' lang='lat'><strong>35</strong></span> 
     </span>
    </p>
   </div>
   <div class='ocr_carea' id='block_1_2' title="bbox 264 713 1487 1396">
    <p class='ocr_par' dir='ltr' id='par_1_2' title="bbox 264 713 1487 1037">
     <span class='ocr_line' id='line_1_2' title="bbox 265 713 1487 803; baseline -0.001 -23"><span class='ocrx_word' id='word_1_2' title='bbox 265 716 394 781; x_wconf 89' lang='lat' dir='ltr'><strong>definiri</strong></span> <span class='ocrx_word' id='word_1_3' title='bbox 415 721 555 798; x_wconf 79' lang='lat' dir='ltr'><strong>poterat,</strong></span> <span class='ocrx_word' id='word_1_4' title='bbox 579 716 667 781; x_wconf 89' lang='lat' dir='ltr'><strong>velut</strong></span> <span class='ocrx_word' id='word_1_5' title='bbox 689 717 749 781; x_wconf 91' lang='lat' dir='ltr'><strong>sic:</strong></span> <span class='ocrx_word' id='word_1_6' title='bbox 770 717 809 799; x_wconf 83' lang='grc' dir='ltr'><strong>ἢν</strong></span> <span class='ocrx_word' id='word_1_7' title='bbox 831 713 1018 803; x_wconf 76' lang='grc' dir='ltr'>ἀποστείλῃς</span> <span class='ocrx_word' id='word_1_8' title='bbox 1042 717 1120 789; x_wconf 78' lang='grc' dir='ltr'>ἅπαξ</span> <span class='ocrx_word' id='word_1_9' title='bbox 1135 717 1266 801; x_wconf 72' lang='lat' dir='ltr'><strong>&lt;dipem</strong></span> <span class='ocrx_word' id='word_1_10' title='bbox 1283 714 1390 800; x_wconf 78' lang='grc' dir='ltr'>ἄτιμον</span> <span class='ocrx_word' id='word_1_11' title='bbox 1406 764 1412 778; x_wconf 93' lang='grc'><strong>.</strong></span> <span class='ocrx_word' id='word_1_12' title='bbox 1428 766 1436 781; x_wconf 94' lang='grc'><strong>.</strong></span> <span class='ocrx_word' id='word_1_13' title='bbox 1453 728 1487 797; x_wconf 86' lang='grc'><strong>.&gt;,</strong></span> 
     </span>
     <span class='ocr_line' id='line_1_3' title="bbox 265 832 1485 920; baseline -0.002 -20"><span class='ocrx_word' id='word_1_14' title='bbox 265 836 305 900; x_wconf 86' lang='lat' dir='ltr'><strong>cf.</strong></span> <span class='ocrx_word' id='word_1_15' title='bbox 322 833 421 919; x_wconf 89' lang='lat' dir='ltr'><strong>Soph.</strong></span> <span class='ocrx_word' id='word_1_16' title='bbox 438 835 490 899; x_wconf 78' lang='lat' dir='ltr'><strong>El.</strong></span> <span class='ocrx_word' id='word_1_17' title='bbox 512 856 541 899; x_wconf 80' lang='grc' dir='ltr'><strong>ν.</strong></span> <span class='ocrx_word' id='word_1_18' title='bbox 565 840 603 899; x_wconf 82' lang='grc'><strong>71</strong></span> <span class='ocrx_word' id='word_1_19' title='bbox 629 835 681 899; x_wconf 88' lang='grc' dir='ltr'><strong>καὶ</strong></span> <span class='ocrx_word' id='word_1_20' title='bbox 705 837 745 920; x_wconf 76' lang='grc' dir='ltr'><strong>μή</strong></span> <span class='ocrx_word' id='word_1_21' title='bbox 771 839 801 920; x_wconf 86' lang='grc' dir='ltr'><strong>μ’</strong></span> <span class='ocrx_word' id='word_1_22' title='bbox 830 832 936 918; x_wconf 78' lang='grc' dir='ltr'>ἄτιμον</span> <span class='ocrx_word' id='word_1_23' title='bbox 958 838 1045 919; x_wconf 79' lang='grc' dir='ltr'>τῆσδ’</span> <span class='ocrx_word' id='word_1_24' title='bbox 1065 834 1270 920; x_wconf 80' lang='grc' dir='ltr'><strong>ἀποστείλητε</strong></span> <span class='ocrx_word' id='word_1_25' title='bbox 1285 840 1340 919; x_wconf 75' lang='grc' dir='ltr'><strong>γῆς</strong></span> <span class='ocrx_word' id='word_1_26' title='bbox 1356 834 1485 917; x_wconf 89' lang='lat' dir='ltr'><strong>aliaque</strong></span> 
     </span>
     <span class='ocr_line' id='line_1_4' title="bbox 264 951 994 1037; baseline 0.001 -19"><span class='ocrx_word' id='word_1_27' title='bbox 264 954 299 1018; x_wconf 92' lang='lat' dir='ltr'><strong>id</strong></span> <span class='ocrx_word' id='word_1_28' title='bbox 320 975 421 1037; x_wconf 87' lang='lat' dir='ltr'><strong>genus</strong></span> <span class='ocrx_word' id='word_1_29' title='bbox 443 951 532 1018; x_wconf 92' lang='lat' dir='ltr'><strong>haud</strong></span> <span class='ocrx_word' id='word_1_30' title='bbox 554 975 659 1036; x_wconf 89' lang='lat' dir='ltr'><strong>pauca</strong></span> <span class='ocrx_word' id='word_1_31' title='bbox 685 954 772 1037; x_wconf 91' lang='lat' dir='ltr'><strong>apud</strong></span> <span class='ocrx_word' id='word_1_32' title='bbox 793 953 994 1037; x_wconf 84' lang='lat' dir='ltr'><strong>Euripidem.</strong></span> 
     </span>
    </p>

    <p class='ocr_par' dir='ltr' id='par_1_3' title="bbox 265 1071 1487 1396">
     <span class='ocr_line' id='line_1_5' title="bbox 349 1071 1487 1158; baseline -0.002 -22"><span class='ocrx_word' id='word_1_33' title='bbox 349 1071 480 1138; x_wconf 78' lang='lat' dir='ltr'><strong>Tertius</strong></span> <span class='ocrx_word' id='word_1_34' title='bbox 502 1072 593 1137; x_wconf 90' lang='lat' dir='ltr'><strong>locus</strong></span> <span class='ocrx_word' id='word_1_35' title='bbox 616 1094 711 1157; x_wconf 89' lang='lat' dir='ltr'><strong>quem</strong></span> <span class='ocrx_word' id='word_1_36' title='bbox 734 1071 820 1138; x_wconf 90' lang='lat' dir='ltr'><strong>addo</strong></span> <span class='ocrx_word' id='word_1_37' title='bbox 844 1073 963 1138; x_wconf 88' lang='lat' dir='ltr'><strong>auxilio</strong></span> <span class='ocrx_word' id='word_1_38' title='bbox 986 1073 1100 1138; x_wconf 91' lang='lat' dir='ltr'><strong>critico</strong></span> <span class='ocrx_word' id='word_1_39' title='bbox 1122 1093 1187 1139; x_wconf 90' lang='lat' dir='ltr'><strong>non</strong></span> <span class='ocrx_word' id='word_1_40' title='bbox 1211 1079 1294 1158; x_wconf 62' lang='lat' dir='ltr'><strong>eget.</strong></span> <span class='ocrx_word' id='word_1_41' title='bbox 1316 1072 1379 1138; x_wconf 90' lang='lat' dir='ltr'><strong>nisi</strong></span> <span class='ocrx_word' id='word_1_42' title='bbox 1401 1071 1487 1154; x_wconf 92' lang='lat' dir='ltr'><strong>quod</strong></span> 
     </span>
     <span class='ocr_line' id='line_1_6' title="bbox 265 1189 1486 1277; baseline -0.002 -21"><span class='ocrx_word' id='word_1_43' title='bbox 265 1193 384 1256; x_wconf 91' lang='lat' dir='ltr'><strong>lemma</strong></span> <span class='ocrx_word' id='word_1_44' title='bbox 404 1190 636 1273; x_wconf 81' lang='lat' dir='ltr'><strong>Aristophanis</strong></span> <span class='ocrx_word' id='word_1_45' title='bbox 660 1193 846 1277; x_wconf 88' lang='lat' dir='ltr'><strong>scrupulum</strong></span> <span class='ocrx_word' id='word_1_46' title='bbox 866 1197 1004 1257; x_wconf 85' lang='lat' dir='ltr'><strong>moveat.</strong></span> <span class='ocrx_word' id='word_1_47' title='bbox 1042 1193 1180 1277; x_wconf 82' lang='lat' dir='ltr'><strong>Legitur</strong></span> <span class='ocrx_word' id='word_1_48' title='bbox 1200 1195 1235 1258; x_wconf 87' lang='lat' dir='ltr'><strong>in</strong></span> <span class='ocrx_word' id='word_1_49' title='bbox 1258 1193 1364 1276; x_wconf 88' lang='lat' dir='ltr'><strong>capite</strong></span> <span class='ocrx_word' id='word_1_50' title='bbox 1386 1189 1486 1255; x_wconf 88' lang='lat' dir='ltr'><strong>unde·</strong></span> 
     </span>
     <span class='ocr_line' id='line_1_7' title="bbox 267 1310 722 1396; baseline -0.002 -19"><span class='ocrx_word' id='word_1_51' title='bbox 267 1310 515 1396; x_wconf 87' lang='lat' dir='ltr'><strong>quadragesimo</strong></span> <span class='ocrx_word' id='word_1_52' title='bbox 537 1310 584 1376; x_wconf 90' lang='lat' dir='ltr'><strong>sic</strong></span> <span class='ocrx_word' id='word_1_53' title='bbox 607 1312 628 1375; x_wconf 89' lang='lat' dir='ltr'><strong>f.</strong></span> <span class='ocrx_word' id='word_1_54' title='bbox 651 1317 722 1376; x_wconf 72' lang='lat'><strong>49&#39;:</strong></span> 
     </span>
    </p>
   </div>
   <div class='ocr_carea' id='block_1_3' title="bbox 394 1427 1316 1515">
    <p class='ocr_par' dir='ltr' id='par_1_4' title="bbox 394 1387 1316 1515">
     <span class='ocr_line' id='line_1_8' title="bbox 394 1427 1316 1515; baseline 0.003 -23"><span class='ocrx_word' id='word_1_55' title='bbox 394 1429 626 1515; x_wconf 76' lang='grc' dir='ltr'>ἀρισταφάνααςε</span> <span class='ocrx_word' id='word_1_56' title='bbox 650 1427 757 1515; x_wconf 85' lang='grc' dir='ltr'>πατρὶς</span> <span class='ocrx_word' id='word_1_57' title='bbox 782 1429 815 1494; x_wconf 81' lang='grc' dir='ltr'><strong>δὲ</strong></span> <span class='ocrx_word' id='word_1_58' title='bbox 837 1433 920 1493; x_wconf 83' lang='grc' dir='ltr'>πᾶσα</span> <span class='ocrx_word' id='word_1_59' title='bbox 942 1439 986 1513; x_wconf 82' lang='grc' dir='ltr'><strong>τῷ</strong></span> <span class='ocrx_word' id='word_1_60' title='bbox 1003 1430 1110 1515; x_wconf 79' lang='grc' dir='ltr'>πένητι</span> <span class='ocrx_word' id='word_1_61' title='bbox 1132 1431 1316 1515; x_wconf 75' lang='grc' dir='ltr'>προσφιλής,</span> 
     </span>
    </p>
   </div>
   <div class='ocr_carea' id='block_1_4' title="bbox 265 1545 1490 3780">
    <p class='ocr_par' dir='ltr' id='par_1_5' title="bbox 393 1545 1122 1635">
     <span class='ocr_line' id='line_1_9' title="bbox 393 1545 1122 1635; baseline 0.004 -25"><span class='ocrx_word' id='word_1_62' title='bbox 393 1547 444 1634; x_wconf 79' lang='grc' dir='ltr'><strong>ἀφ’</strong></span> <span class='ocrx_word' id='word_1_63' title='bbox 468 1549 505 1633; x_wconf 79' lang='grc' dir='ltr'><strong>ἧς</strong></span> <span class='ocrx_word' id='word_1_64' title='bbox 528 1549 645 1634; x_wconf 73' lang='grc' dir='ltr'>τροφήν</span> <span class='ocrx_word' id='word_1_65' title='bbox 668 1573 701 1612; x_wconf 84' lang='grc' dir='ltr'><strong>τε</strong></span> <span class='ocrx_word' id='word_1_66' title='bbox 724 1545 775 1613; x_wconf 86' lang='grc' dir='ltr'><strong>καὶ</strong></span> <span class='ocrx_word' id='word_1_67' title='bbox 798 1550 833 1615; x_wconf 87' lang='grc' dir='ltr'><strong>τὸ</strong></span> <span class='ocrx_word' id='word_1_68' title='bbox 857 1549 898 1635; x_wconf 76' lang='grc' dir='ltr'><strong>μὴ</strong></span> <span class='ocrx_word' id='word_1_69' title='bbox 920 1554 1023 1633; x_wconf 80' lang='grc' dir='ltr'>πεινῆν</span> <span class='ocrx_word' id='word_1_70' title='bbox 1046 1547 1122 1634; x_wconf 80' lang='grc' dir='ltr'>ἔχει.</span> 
     </span>
    </p>

    <p class='ocr_par' dir='ltr' id='par_1_6' title="bbox 265 1667 1490 3063">
     <span class='ocr_line' id='line_1_10' title="bbox 267 1667 1487 1754; baseline -0.003 -19"><span class='ocrx_word' id='word_1_71' title='bbox 267 1667 421 1752; x_wconf 82' lang='lat' dir='ltr'><strong>Sequitur</strong></span> <span class='ocrx_word' id='word_1_72' title='bbox 451 1667 509 1732; x_wconf 89' lang='lat' dir='ltr'><strong>ecl.</strong></span> <span class='ocrx_word' id='word_1_73' title='bbox 540 1672 595 1745; x_wconf 83' lang='lat'><strong>39,</strong></span> <span class='ocrx_word' id='word_1_74' title='bbox 623 1672 673 1733; x_wconf 87' lang='lat'><strong>29.</strong></span> <span class='ocrx_word' id='word_1_75' title='bbox 721 1669 788 1736; x_wconf 85' lang='lat' dir='ltr'><strong>Sed</strong></span> <span class='ocrx_word' id='word_1_76' title='bbox 817 1669 988 1754; x_wconf 90' lang='lat' dir='ltr'><strong>praecedit</strong></span> <span class='ocrx_word' id='word_1_77' title='bbox 1017 1669 1134 1752; x_wconf 89' lang='lat' dir='ltr'><strong>capitis</strong></span> <span class='ocrx_word' id='word_1_78' title='bbox 1160 1667 1400 1752; x_wconf 82' lang='lat' dir='ltr'><strong>quadragesimi</strong></span> <span class='ocrx_word' id='word_1_79' title='bbox 1428 1667 1487 1732; x_wconf 89' lang='lat' dir='ltr'><strong>ecl.</strong></span> 
     </span>
     <span class='ocr_line' id='line_1_11' title="bbox 268 1783 1486 1874; baseline -0.002 -22"><span class='ocrx_word' id='word_1_80' title='bbox 268 1793 286 1852; x_wconf 84' lang='lat'><strong>2</strong></span> <span class='ocrx_word' id='word_1_81' title='bbox 317 1783 490 1871; x_wconf 78' lang='grc' dir='ltr'>εὐριπίδαα·</span> <span class='ocrx_word' id='word_1_82' title='bbox 524 1789 565 1857; x_wconf 81' lang='grc' dir='ltr'><strong>ὡς</strong></span> <span class='ocrx_word' id='word_1_83' title='bbox 599 1792 757 1873; x_wconf 76' lang='grc' dir='ltr'>πανταχοῦ</span> <span class='ocrx_word' id='word_1_84' title='bbox 790 1813 824 1872; x_wconf 81' lang='grc' dir='ltr'><strong>γε</strong></span> <span class='ocrx_word' id='word_1_85' title='bbox 855 1786 962 1874; x_wconf 86' lang='grc' dir='ltr'>πατρὶς</span> <span class='ocrx_word' id='word_1_86' title='bbox 993 1789 1012 1871; x_wconf 81' lang='grc' dir='ltr'><strong>ἡ</strong></span> <span class='ocrx_word' id='word_1_87' title='bbox 1045 1788 1201 1872; x_wconf 80' lang='grc' dir='ltr'>βόσκουσα</span> <span class='ocrx_word' id='word_1_88' title='bbox 1227 1792 1275 1872; x_wconf 75' lang='grc' dir='ltr'><strong>γῆ,</strong></span> <span class='ocrx_word' id='word_1_89' title='bbox 1304 1809 1402 1871; x_wconf 89' lang='lat' dir='ltr'><strong>quam</strong></span> <span class='ocrx_word' id='word_1_90' title='bbox 1429 1807 1486 1850; x_wconf 88' lang='lat' dir='ltr'><strong>suo</strong></span> 
     </span>
     <span class='ocr_line' id='line_1_12' title="bbox 268 1902 1486 1989; baseline -0.002 -20"><span class='ocrx_word' id='word_1_91' title='bbox 268 1906 341 1972; x_wconf 92' lang='lat' dir='ltr'><strong>loco</strong></span> <span class='ocrx_word' id='word_1_92' title='bbox 366 1906 438 1971; x_wconf 89' lang='lat' dir='ltr'><strong>dari</strong></span> <span class='ocrx_word' id='word_1_93' title='bbox 460 1927 480 1970; x_wconf 90' lang='lat' dir='ltr'><strong>a</strong></span> <span class='ocrx_word' id='word_1_94' title='bbox 502 1905 724 1972; x_wconf 81' lang='lat' dir='ltr'><strong>Laurentiano</strong></span> <span class='ocrx_word' id='word_1_95' title='bbox 748 1930 821 1972; x_wconf 92' lang='lat' dir='ltr'><strong>cum</strong></span> <span class='ocrx_word' id='word_1_96' title='bbox 844 1910 903 1975; x_wconf 91' lang='lat' dir='ltr'><strong>ecl.</strong></span> <span class='ocrx_word' id='word_1_97' title='bbox 926 1915 977 1989; x_wconf 87' lang='lat'><strong>40,</strong></span> <span class='ocrx_word' id='word_1_98' title='bbox 1004 1915 1017 1973; x_wconf 96' lang='lat' dir='ltr'><strong>l</strong></span> <span class='ocrx_word' id='word_1_99' title='bbox 1044 1908 1263 1974; x_wconf 82' lang='lat' dir='ltr'><strong>consociatam</strong></span> <span class='ocrx_word' id='word_1_100' title='bbox 1286 1927 1384 1989; x_wconf 89' lang='lat' dir='ltr'><strong>snpra</strong></span> <span class='ocrx_word' id='word_1_101' title='bbox 1405 1902 1486 1968; x_wconf 91' lang='lat' dir='ltr'><strong>indi-</strong></span> 
     </span>
     <span class='ocr_line' id='line_1_13' title="bbox 268 2021 1487 2110; baseline -0.004 -20"><span class='ocrx_word' id='word_1_102' title='bbox 268 2030 375 2090; x_wconf 88' lang='lat' dir='ltr'><strong>catum</strong></span> <span class='ocrx_word' id='word_1_103' title='bbox 399 2030 449 2090; x_wconf 86' lang='lat' dir='ltr'><strong>est</strong></span> <span class='ocrx_word' id='word_1_104' title='bbox 471 2047 501 2109; x_wconf 91' lang='lat' dir='ltr'><strong>p.</strong></span> <span class='ocrx_word' id='word_1_105' title='bbox 526 2030 576 2090; x_wconf 84' lang='lat'><strong>22.</strong></span> <span class='ocrx_word' id='word_1_106' title='bbox 613 2026 834 2093; x_wconf 88' lang='lat' dir='ltr'><strong>Praetervidit</strong></span> <span class='ocrx_word' id='word_1_107' title='bbox 855 2050 923 2093; x_wconf 90' lang='lat' dir='ltr'><strong>rem</strong></span> <span class='ocrx_word' id='word_1_108' title='bbox 939 2026 1078 2093; x_wconf 89' lang='lat' dir='ltr'><strong>Sartius.</strong></span> <span class='ocrx_word' id='word_1_109' title='bbox 1112 2025 1187 2093; x_wconf 89' lang='lat' dir='ltr'><strong>Nisi</strong></span> <span class='ocrx_word' id='word_1_110' title='bbox 1201 2026 1301 2110; x_wconf 86' lang='lat' dir='ltr'><strong>igitur</strong></span> <span class='ocrx_word' id='word_1_111' title='bbox 1315 2021 1487 2087; x_wconf 90' lang='lat' dir='ltr'><strong>frustulum</strong></span> 
     </span>
     <span class='ocr_line' id='line_1_14' title="bbox 265 2137 1488 2228; baseline -0.004 -20"><span class='ocrx_word' id='word_1_112' title='bbox 265 2148 316 2222; x_wconf 84' lang='lat'><strong>40,</strong></span> <span class='ocrx_word' id='word_1_113' title='bbox 340 2150 358 2209; x_wconf 87' lang='lat'><strong>2</strong></span> <span class='ocrx_word' id='word_1_114' title='bbox 387 2144 438 2208; x_wconf 90' lang='lat' dir='ltr'><strong>bis</strong></span> <span class='ocrx_word' id='word_1_115' title='bbox 465 2145 607 2228; x_wconf 89' lang='lat' dir='ltr'><strong>positum</strong></span> <span class='ocrx_word' id='word_1_116' title='bbox 634 2151 705 2210; x_wconf 90' lang='lat' dir='ltr'><strong>erat</strong></span> <span class='ocrx_word' id='word_1_117' title='bbox 732 2168 752 2212; x_wconf 93' lang='lat' dir='ltr'><strong>a</strong></span> <span class='ocrx_word' id='word_1_118' title='bbox 774 2145 919 2213; x_wconf 91' lang='lat' dir='ltr'><strong>Stobaeo</strong></span> <span class='ocrx_word' id='word_1_119' title='bbox 947 2154 979 2212; x_wconf 91' lang='lat' dir='ltr'><strong>et</strong></span> <span class='ocrx_word' id='word_1_120' title='bbox 1007 2147 1041 2210; x_wconf 91' lang='lat' dir='ltr'><strong>in</strong></span> <span class='ocrx_word' id='word_1_121' title='bbox 1064 2144 1171 2228; x_wconf 90' lang='lat' dir='ltr'><strong>capite</strong></span> <span class='ocrx_word' id='word_1_122' title='bbox 1192 2139 1262 2228; x_wconf 84' lang='grc' dir='ltr'>περὶ</span> <span class='ocrx_word' id='word_1_123' title='bbox 1284 2137 1432 2227; x_wconf 80' lang='grc' dir='ltr'>πατρίδος</span> <span class='ocrx_word' id='word_1_124' title='bbox 1456 2145 1488 2204; x_wconf 88' lang='lat' dir='ltr'><strong>et</strong></span> 
     </span>
     <span class='ocr_line' id='line_1_15' title="bbox 267 2260 1488 2350; baseline -0.002 -24"><span class='ocrx_word' id='word_1_125' title='bbox 267 2263 326 2327; x_wconf 92' lang='lat' dir='ltr'><strong>sub</strong></span> <span class='ocrx_word' id='word_1_126' title='bbox 341 2263 437 2328; x_wconf 89' lang='lat' dir='ltr'><strong>titulo</strong></span> <span class='ocrx_word' id='word_1_127' title='bbox 453 2262 523 2348; x_wconf 85' lang='grc' dir='ltr'>περὶ</span> <span class='ocrx_word' id='word_1_128' title='bbox 539 2263 623 2349; x_wconf 76' lang='grc' dir='ltr'>ξένης</span> <span class='ocrx_word' id='word_1_129' title='bbox 638 2265 693 2350; x_wconf 90' lang='lat' dir='ltr'><strong>(de</strong></span> <span class='ocrx_word' id='word_1_130' title='bbox 714 2265 794 2332; x_wconf 88' lang='lat' dir='ltr'><strong>locis</strong></span> <span class='ocrx_word' id='word_1_131' title='bbox 810 2266 938 2350; x_wconf 89' lang='lat' dir='ltr'><strong>abipso</strong></span> <span class='ocrx_word' id='word_1_132' title='bbox 955 2262 1098 2330; x_wconf 90' lang='lat' dir='ltr'><strong>Stobaeo</strong></span> <span class='ocrx_word' id='word_1_133' title='bbox 1114 2265 1186 2347; x_wconf 88' lang='lat' dir='ltr'><strong>plns</strong></span> <span class='ocrx_word' id='word_1_134' title='bbox 1202 2263 1302 2327; x_wconf 88' lang='lat' dir='ltr'><strong>semel</strong></span> <span class='ocrx_word' id='word_1_135' title='bbox 1317 2260 1488 2343; x_wconf 80' lang='lat' dir='ltr'><strong>exscriptis</strong></span> 
     </span>
     <span class='ocr_line' id='line_1_16' title="bbox 267 2378 1488 2467; baseline -0.003 -20"><span class='ocrx_word' id='word_1_136' title='bbox 267 2383 348 2447; x_wconf 91' lang='lat' dir='ltr'><strong>alias</strong></span> <span class='ocrx_word' id='word_1_137' title='bbox 386 2381 426 2448; x_wconf 91' lang='lat' dir='ltr'><strong>de</strong></span> <span class='ocrx_word' id='word_1_138' title='bbox 462 2383 623 2449; x_wconf 89' lang='lat' dir='ltr'><strong>industria</strong></span> <span class='ocrx_word' id='word_1_139' title='bbox 661 2384 882 2450; x_wconf 89' lang='lat' dir='ltr'><strong>disserendum</strong></span> <span class='ocrx_word' id='word_1_140' title='bbox 919 2385 1005 2467; x_wconf 87' lang='lat' dir='ltr'><strong>erit),</strong></span> <span class='ocrx_word' id='word_1_141' title='bbox 1036 2383 1282 2450; x_wconf 86' lang='lat' dir='ltr'><strong>Bruxellensem</strong></span> <span class='ocrx_word' id='word_1_142' title='bbox 1317 2380 1379 2445; x_wconf 90' lang='lat' dir='ltr'><strong>hoe</strong></span> <span class='ocrx_word' id='word_1_143' title='bbox 1415 2378 1488 2460; x_wconf 88' lang='lat' dir='ltr'><strong>loco</strong></span> 
     </span>
     <span class='ocr_line' id='line_1_17' title="bbox 266 2491 1490 2588; baseline -0.003 -22"><span class='ocrx_word' id='word_1_144' title='bbox 266 2502 440 2586; x_wconf 89' lang='lat' dir='ltr'><strong>genuinum</strong></span> <span class='ocrx_word' id='word_1_145' title='bbox 468 2502 614 2567; x_wconf 91' lang='lat' dir='ltr'><strong>ordinem</strong></span> <span class='ocrx_word' id='word_1_146' title='bbox 644 2502 825 2570; x_wconf 82' lang='lat' dir='ltr'><strong>desenrisse</strong></span> <span class='ocrx_word' id='word_1_147' title='bbox 847 2503 1099 2588; x_wconf 77' lang='lat' dir='ltr'><strong>suspicabimur.</strong></span> <span class='ocrx_word' id='word_1_148' title='bbox 1144 2500 1368 2586; x_wconf 84' lang='lat' dir='ltr'><strong>Suspicionem</strong></span> <span class='ocrx_word' id='word_1_149' title='bbox 1390 2491 1490 2582; x_wconf 77' lang='lat' dir='ltr'><strong>auget</strong></span> 
     </span>
     <span class='ocr_line' id='line_1_18' title="bbox 268 2613 1489 2706; baseline -0.003 -21"><span class='ocrx_word' id='word_1_150' title='bbox 268 2619 354 2704; x_wconf 89' lang='lat' dir='ltr'><strong>quod</strong></span> <span class='ocrx_word' id='word_1_151' title='bbox 371 2613 517 2704; x_wconf 86' lang='lat' dir='ltr'><strong>eclogam</strong></span> <span class='ocrx_word' id='word_1_152' title='bbox 531 2625 582 2702; x_wconf 83' lang='lat'><strong>40,</strong></span> <span class='ocrx_word' id='word_1_153' title='bbox 599 2628 616 2687; x_wconf 84' lang='lat'><strong>2</strong></span> <span class='ocrx_word' id='word_1_154' title='bbox 630 2622 852 2689; x_wconf 84' lang='lat' dir='ltr'><strong>Bruxellensis</strong></span> <span class='ocrx_word' id='word_1_155' title='bbox 867 2644 952 2688; x_wconf 90' lang='lat' dir='ltr'><strong>nunc</strong></span> <span class='ocrx_word' id='word_1_156' title='bbox 970 2628 1059 2688; x_wconf 88' lang='lat' dir='ltr'><strong>certe</strong></span> <span class='ocrx_word' id='word_1_157' title='bbox 1075 2622 1108 2686; x_wconf 92' lang='lat' dir='ltr'><strong>in</strong></span> <span class='ocrx_word' id='word_1_158' title='bbox 1122 2623 1228 2706; x_wconf 90' lang='lat' dir='ltr'><strong>capite</strong></span> <span class='ocrx_word' id='word_1_159' title='bbox 1241 2618 1489 2706; x_wconf 83' lang='lat' dir='ltr'><strong>quadragesimo</strong></span> 
     </span>
     <span class='ocr_line' id='line_1_19' title="bbox 266 2736 1488 2820; baseline -0.002 -17"><span class='ocrx_word' id='word_1_160' title='bbox 266 2761 331 2804; x_wconf 91' lang='lat' dir='ltr'><strong>non</strong></span> <span class='ocrx_word' id='word_1_161' title='bbox 363 2741 471 2806; x_wconf 89' lang='lat' dir='ltr'><strong>habet.</strong></span> <span class='ocrx_word' id='word_1_162' title='bbox 520 2742 607 2807; x_wconf 83' lang='lat' dir='ltr'><strong>Item</strong></span> <span class='ocrx_word' id='word_1_163' title='bbox 638 2743 751 2820; x_wconf 88' lang='lat' dir='ltr'><strong>semel,</strong></span> <span class='ocrx_word' id='word_1_164' title='bbox 786 2741 844 2806; x_wconf 88' lang='lat' dir='ltr'><strong>sed</strong></span> <span class='ocrx_word' id='word_1_165' title='bbox 874 2762 932 2807; x_wconf 88' lang='lat' dir='ltr'><strong>suo</strong></span> <span class='ocrx_word' id='word_1_166' title='bbox 962 2743 1036 2808; x_wconf 91' lang='lat' dir='ltr'><strong>loco</strong></span> <span class='ocrx_word' id='word_1_167' title='bbox 1069 2741 1194 2805; x_wconf 89' lang='lat' dir='ltr'><strong>habent</strong></span> <span class='ocrx_word' id='word_1_168' title='bbox 1221 2738 1301 2806; x_wconf 84' lang='lat' dir='ltr'><strong>AS</strong></span> <span class='ocrx_word' id='word_1_169' title='bbox 1325 2739 1363 2804; x_wconf 82' lang='grc' dir='ltr'><strong>Τ.</strong></span> <span class='ocrx_word' id='word_1_170' title='bbox 1412 2736 1488 2804; x_wconf 92' lang='lat' dir='ltr'><strong>Non</strong></span> 
     </span>
     <span class='ocr_line' id='line_1_20' title="bbox 268 2855 1487 2945; baseline -0.002 -22"><span class='ocrx_word' id='word_1_171' title='bbox 268 2858 404 2924; x_wconf 88' lang='lat' dir='ltr'><strong>dcerunt</strong></span> <span class='ocrx_word' id='word_1_172' title='bbox 426 2861 482 2943; x_wconf 90' lang='lat' dir='ltr'><strong>qui</strong></span> <span class='ocrx_word' id='word_1_173' title='bbox 504 2860 579 2926; x_wconf 90' lang='lat' dir='ltr'><strong>hinc</strong></span> <span class='ocrx_word' id='word_1_174' title='bbox 602 2862 700 2926; x_wconf 88' lang='lat' dir='ltr'><strong>etiam</strong></span> <span class='ocrx_word' id='word_1_175' title='bbox 723 2863 855 2945; x_wconf 84' lang='lat' dir='ltr'><strong>eclogae</strong></span> <span class='ocrx_word' id='word_1_176' title='bbox 877 2860 984 2944; x_wconf 88' lang='grc' dir='ltr'>πατρὶς</span> <span class='ocrx_word' id='word_1_177' title='bbox 1005 2858 1038 2924; x_wconf 81' lang='grc' dir='ltr'><strong>δὲ</strong></span> <span class='ocrx_word' id='word_1_178' title='bbox 1054 2863 1137 2923; x_wconf 82' lang='grc' dir='ltr'>πᾶσα</span> <span class='ocrx_word' id='word_1_179' title='bbox 1152 2859 1214 2926; x_wconf 83' lang='grc' dir='ltr'><strong>κτὲ.</strong></span> <span class='ocrx_word' id='word_1_180' title='bbox 1236 2859 1335 2924; x_wconf 90' lang='lat' dir='ltr'><strong>fidem</strong></span> <span class='ocrx_word' id='word_1_181' title='bbox 1350 2855 1487 2924; x_wconf 88' lang='lat' dir='ltr'><strong>Stobae·</strong></span> 
     </span>
     <span class='ocr_line' id='line_1_21' title="bbox 266 2979 955 3063; baseline 0.004 -22"><span class='ocrx_word' id='word_1_182' title='bbox 266 2998 363 3042; x_wconf 91' lang='lat' dir='ltr'><strong>anam</strong></span> <span class='ocrx_word' id='word_1_183' title='bbox 384 2979 551 3063; x_wconf 90' lang='lat' dir='ltr'><strong>paululum</strong></span> <span class='ocrx_word' id='word_1_184' title='bbox 572 2980 767 3046; x_wconf 78' lang='lat' dir='ltr'><strong>labefactari</strong></span> <span class='ocrx_word' id='word_1_185' title='bbox 790 2985 955 3046; x_wconf 91' lang='lat' dir='ltr'><strong>censeant.</strong></span> 
     </span>
    </p>

    <p class='ocr_par' dir='ltr' id='par_1_7' title="bbox 265 3097 1490 3780">
     <span class='ocr_line' id='line_1_22' title="bbox 350 3097 1488 3182; baseline -0.004 -18"><span class='ocrx_word' id='word_1_186' title='bbox 350 3097 399 3164; x_wconf 90' lang='lat' dir='ltr'><strong>Ut</strong></span> <span class='ocrx_word' id='word_1_187' title='bbox 420 3119 460 3162; x_wconf 91' lang='lat' dir='ltr'><strong>ne</strong></span> <span class='ocrx_word' id='word_1_188' title='bbox 483 3099 561 3182; x_wconf 91' lang='lat' dir='ltr'><strong>quid</strong></span> <span class='ocrx_word' id='word_1_189' title='bbox 583 3099 709 3165; x_wconf 90' lang='lat' dir='ltr'><strong>alienae</strong></span> <span class='ocrx_word' id='word_1_190' title='bbox 732 3100 864 3182; x_wconf 83' lang='lat' dir='ltr'><strong>originis</strong></span> <span class='ocrx_word' id='word_1_191' title='bbox 888 3097 1032 3165; x_wconf 90' lang='lat' dir='ltr'><strong>Stobaeo</strong></span> <span class='ocrx_word' id='word_1_192' title='bbox 1058 3098 1218 3164; x_wconf 82' lang='lat' dir='ltr'><strong>inferatur</strong></span> <span class='ocrx_word' id='word_1_193' title='bbox 1239 3119 1279 3163; x_wconf 86' lang='lat' dir='ltr'><strong>ex</strong></span> <span class='ocrx_word' id='word_1_194' title='bbox 1301 3097 1488 3180; x_wconf 87' lang='lat' dir='ltr'><strong>apographo</strong></span> 
     </span>
     <span class='ocr_line' id='line_1_23' title="bbox 267 3217 1488 3303; baseline -0.002 -22"><span class='ocrx_word' id='word_1_195' title='bbox 267 3217 457 3297; x_wconf 89' lang='lat' dir='ltr'><strong>recentiore,</strong></span> <span class='ocrx_word' id='word_1_196' title='bbox 488 3217 708 3284; x_wconf 89' lang='lat' dir='ltr'><strong>dubitationes</strong></span> <span class='ocrx_word' id='word_1_197' title='bbox 734 3220 762 3284; x_wconf 91' lang='lat' dir='ltr'><strong>si</strong></span> <span class='ocrx_word' id='word_1_198' title='bbox 785 3240 868 3303; x_wconf 90' lang='lat' dir='ltr'><strong>quae</strong></span> <span class='ocrx_word' id='word_1_199' title='bbox 891 3218 1079 3301; x_wconf 89' lang='lat' dir='ltr'><strong>obstrepere</strong></span> <span class='ocrx_word' id='word_1_200' title='bbox 1101 3217 1288 3301; x_wconf 89' lang='lat' dir='ltr'><strong>possintne</strong></span> <span class='ocrx_word' id='word_1_201' title='bbox 1309 3217 1488 3282; x_wconf 84' lang='lat' dir='ltr'><strong>levissimas</strong></span> 
     </span>
     <span class='ocr_line' id='line_1_24' title="bbox 268 3335 1490 3422; baseline 0 -22"><span class='ocrx_word' id='word_1_202' title='bbox 268 3335 397 3418; x_wconf 91' lang='lat' dir='ltr'><strong>quidem</strong></span> <span class='ocrx_word' id='word_1_203' title='bbox 430 3337 594 3419; x_wconf 88' lang='lat' dir='ltr'><strong>praeterii.</strong></span> <span class='ocrx_word' id='word_1_204' title='bbox 644 3335 873 3422; x_wconf 89' lang='lat' dir='ltr'><strong>Scrupulosius</strong></span> <span class='ocrx_word' id='word_1_205' title='bbox 905 3359 964 3422; x_wconf 91' lang='lat' dir='ltr'><strong>pro</strong></span> <span class='ocrx_word' id='word_1_206' title='bbox 999 3359 1034 3403; x_wconf 92' lang='lat' dir='ltr'><strong>re</strong></span> <span class='ocrx_word' id='word_1_207' title='bbox 1061 3341 1140 3403; x_wconf 86' lang='lat' dir='ltr'><strong>nata</strong></span> <span class='ocrx_word' id='word_1_208' title='bbox 1175 3335 1389 3404; x_wconf 88' lang='lat' dir='ltr'><strong>examinanda</strong></span> <span class='ocrx_word' id='word_1_209' title='bbox 1415 3340 1490 3400; x_wconf 88' lang='lat' dir='ltr'><strong>sunt</strong></span> 
     </span>
     <span class='ocr_line' id='line_1_25' title="bbox 270 3454 1487 3542; baseline 0.001 -25"><span class='ocrx_word' id='word_1_210' title='bbox 270 3474 352 3536; x_wconf 91' lang='lat' dir='ltr'><strong>quae</strong></span> <span class='ocrx_word' id='word_1_211' title='bbox 380 3454 468 3519; x_wconf 92' lang='lat' dir='ltr'><strong>solus</strong></span> <span class='ocrx_word' id='word_1_212' title='bbox 495 3456 596 3522; x_wconf 90' lang='lat' dir='ltr'><strong>habet</strong></span> <span class='ocrx_word' id='word_1_213' title='bbox 617 3457 838 3524; x_wconf 87' lang='lat' dir='ltr'><strong>Bruxellensis</strong></span> <span class='ocrx_word' id='word_1_214' title='bbox 866 3461 1017 3542; x_wconf 89' lang='lat' dir='ltr'><strong>suspecto</strong></span> <span class='ocrx_word' id='word_1_215' title='bbox 1047 3459 1240 3540; x_wconf 88' lang='lat' dir='ltr'><strong>pracsertim</strong></span> <span class='ocrx_word' id='word_1_216' title='bbox 1270 3456 1392 3523; x_wconf 90' lang='lat' dir='ltr'><strong>ordine.</strong></span> <span class='ocrx_word' id='word_1_217' title='bbox 1436 3454 1487 3519; x_wconf 80' lang='lat' dir='ltr'><strong>Eo</strong></span> 
     </span>
     <span class='ocr_line' id='line_1_26' title="bbox 267 3574 1489 3662; baseline -0.001 -23"><span class='ocrx_word' id='word_1_218' title='bbox 267 3574 448 3656; x_wconf 89' lang='lat' dir='ltr'><strong>paratiores</strong></span> <span class='ocrx_word' id='word_1_219' title='bbox 471 3597 580 3642; x_wconf 88' lang='lat' dir='ltr'><strong>sumus</strong></span> <span class='ocrx_word' id='word_1_220' title='bbox 603 3575 747 3643; x_wconf 89' lang='lat' dir='ltr'><strong>Stobaeo</strong></span> <span class='ocrx_word' id='word_1_221' title='bbox 769 3576 933 3642; x_wconf 84' lang='lat' dir='ltr'><strong>vindicare</strong></span> <span class='ocrx_word' id='word_1_222' title='bbox 956 3598 1039 3662; x_wconf 90' lang='lat' dir='ltr'><strong>quae</strong></span> <span class='ocrx_word' id='word_1_223' title='bbox 1055 3576 1154 3643; x_wconf 88' lang='lat' dir='ltr'><strong>Brux.</strong></span> <span class='ocrx_word' id='word_1_224' title='bbox 1178 3598 1251 3642; x_wconf 90' lang='lat' dir='ltr'><strong>cum</strong></span> <span class='ocrx_word' id='word_1_225' title='bbox 1265 3576 1489 3641; x_wconf 85' lang='lat' dir='ltr'><strong>Laurentiano</strong></span> 
     </span>
     <span class='ocr_line' id='line_1_27' title="bbox 265 3692 1488 3780; baseline 0 -23"><span class='ocrx_word' id='word_1_226' title='bbox 265 3693 366 3761; x_wconf 90' lang='lat' dir='ltr'><strong>habet</strong></span> <span class='ocrx_word' id='word_1_227' title='bbox 396 3696 587 3761; x_wconf 91' lang='lat' dir='ltr'><strong>communia.</strong></span> <span class='ocrx_word' id='word_1_228' title='bbox 637 3695 748 3762; x_wconf 89' lang='lat' dir='ltr'><strong>Unum</strong></span> <span class='ocrx_word' id='word_1_229' title='bbox 776 3697 892 3762; x_wconf 89' lang='lat' dir='ltr'><strong>saltem</strong></span> <span class='ocrx_word' id='word_1_230' title='bbox 920 3717 1005 3761; x_wconf 90' lang='lat' dir='ltr'><strong>nune</strong></span> <span class='ocrx_word' id='word_1_231' title='bbox 1038 3717 1078 3762; x_wconf 90' lang='lat' dir='ltr'><strong>ex</strong></span> <span class='ocrx_word' id='word_1_232' title='bbox 1102 3696 1183 3762; x_wconf 87' lang='lat' dir='ltr'><strong>locis</strong></span> <span class='ocrx_word' id='word_1_233' title='bbox 1212 3715 1311 3780; x_wconf 90' lang='lat' dir='ltr'><strong>supra</strong></span> <span class='ocrx_word' id='word_1_234' title='bbox 1337 3692 1488 3758; x_wconf 87' lang='lat' dir='ltr'><strong>indicatis</strong></span> 
     </span>
    </p>
   </div>
   <div class='ocr_carea' id='block_1_5' title="bbox 264 3813 1488 4497">
    <p class='ocr_par' dir='ltr' id='par_1_8' title="bbox 264 3813 1488 4019">
     <span class='ocr_line' id='line_1_28' title="bbox 267 3813 1488 3900; baseline -0.002 -22"><span class='ocrx_word' id='word_1_235' title='bbox 267 3814 350 3898; x_wconf 82' lang='lat' dir='ltr'><strong>eligo</strong></span> <span class='ocrx_word' id='word_1_236' title='bbox 374 3836 470 3898; x_wconf 90' lang='lat' dir='ltr'><strong>quem</strong></span> <span class='ocrx_word' id='word_1_237' title='bbox 493 3816 657 3881; x_wconf 89' lang='lat' dir='ltr'><strong>corollarii</strong></span> <span class='ocrx_word' id='word_1_238' title='bbox 679 3816 782 3882; x_wconf 87' lang='lat' dir='ltr'><strong>instar</strong></span> <span class='ocrx_word' id='word_1_239' title='bbox 804 3817 985 3884; x_wconf 89' lang='lat' dir='ltr'><strong>adnectam.</strong></span> <span class='ocrx_word' id='word_1_240' title='bbox 1022 3815 1086 3881; x_wconf 82' lang='lat' dir='ltr'><strong>Est</strong></span> <span class='ocrx_word' id='word_1_241' title='bbox 1108 3816 1222 3900; x_wconf 84' lang='lat' dir='ltr'><strong>ecloga</strong></span> <span class='ocrx_word' id='word_1_242' title='bbox 1244 3836 1327 3900; x_wconf 89' lang='lat' dir='ltr'><strong>quae</strong></span> <span class='ocrx_word' id='word_1_243' title='bbox 1348 3813 1395 3880; x_wconf 87' lang='lat' dir='ltr'><strong>sic</strong></span> <span class='ocrx_word' id='word_1_244' title='bbox 1409 3813 1488 3895; x_wconf 87' lang='lat' dir='ltr'><strong>legi·</strong></span> 
     </span>
     <span class='ocr_line' id='line_1_29' title="bbox 264 3933 927 4019; baseline 0.006 -21"><span class='ocrx_word' id='word_1_245' title='bbox 264 3937 319 3998; x_wconf 86' lang='lat' dir='ltr'><strong>tur</strong></span> <span class='ocrx_word' id='word_1_246' title='bbox 339 3935 428 4018; x_wconf 89' lang='lat' dir='ltr'><strong>apud</strong></span> <span class='ocrx_word' id='word_1_247' title='bbox 449 3933 649 4000; x_wconf 89' lang='lat' dir='ltr'><strong>Meinekium</strong></span> <span class='ocrx_word' id='word_1_248' title='bbox 671 3957 700 4002; x_wconf 90' lang='grc' dir='ltr'><strong>ν.</strong></span> <span class='ocrx_word' id='word_1_249' title='bbox 722 3936 776 4006; x_wconf 92' lang='lat' dir='ltr'><strong>IV</strong></span> <span class='ocrx_word' id='word_1_250' title='bbox 797 3958 827 4019; x_wconf 91' lang='lat' dir='ltr'><strong>p.</strong></span> <span class='ocrx_word' id='word_1_251' title='bbox 852 3940 927 4002; x_wconf 83' lang='lat'>180:</span> 
     </span>
    </p>

    <p class='ocr_par' dir='ltr' id='par_1_9' title="bbox 512 4078 624 4140">
     <span class='ocr_line' id='line_1_30' title="bbox 512 4078 624 4140; baseline 0.009 -23"><span class='ocrx_word' id='word_1_252' title='bbox 512 4101 543 4119; x_wconf 92' lang='lat'><strong>..</strong></span> <span class='ocrx_word' id='word_1_253' title='bbox 567 4078 624 4140; x_wconf 86' lang='grc' dir='ltr'><strong>χῳ.</strong></span> 
     </span>
    </p>

    <p class='ocr_par' dir='ltr' id='par_1_10' title="bbox 513 4171 1171 4260">
     <span class='ocr_line' id='line_1_31' title="bbox 513 4171 1171 4260; baseline 0.002 -23"><span class='ocrx_word' id='word_1_254' title='bbox 513 4171 555 4237; x_wconf 86' lang='grc' dir='ltr'><strong>Τὸ</strong></span> <span class='ocrx_word' id='word_1_255' title='bbox 577 4174 635 4258; x_wconf 77' lang='grc' dir='ltr'><strong>γὰρ</strong></span> <span class='ocrx_word' id='word_1_256' title='bbox 658 4175 768 4257; x_wconf 77' lang='grc' dir='ltr'>πρᾶγμ’</span> <span class='ocrx_word' id='word_1_257' title='bbox 795 4173 867 4236; x_wconf 85' lang='grc' dir='ltr'>αὐτό</span> <span class='ocrx_word' id='word_1_258' title='bbox 892 4197 946 4256; x_wconf 86' lang='grc' dir='ltr'><strong>μοι</strong></span> <span class='ocrx_word' id='word_1_259' title='bbox 968 4178 1073 4244; x_wconf 83' lang='grc' dir='ltr'>καλῶς</span> <span class='ocrx_word' id='word_1_260' title='bbox 1096 4173 1171 4260; x_wconf 80' lang='grc' dir='ltr'>ἔχον</span> 
     </span>
    </p>

    <p class='ocr_par' dir='ltr' id='par_1_11' title="bbox 265 4289 1487 4497">
     <span class='ocr_line' id='line_1_32' title="bbox 513 4289 1255 4379; baseline 0.005 -23"><span class='ocrx_word' id='word_1_261' title='bbox 513 4289 639 4364; x_wconf 79' lang='grc' dir='ltr'>Καλοὺς</span> <span class='ocrx_word' id='word_1_262' title='bbox 662 4291 834 4377; x_wconf 84' lang='grc' dir='ltr'>παρασχεῖν</span> <span class='ocrx_word' id='word_1_263' title='bbox 856 4290 926 4362; x_wconf 82' lang='grc' dir='ltr'>τοὺς</span> <span class='ocrx_word' id='word_1_264' title='bbox 951 4292 1062 4377; x_wconf 75' lang='grc' dir='ltr'>λόγους</span> <span class='ocrx_word' id='word_1_265' title='bbox 1086 4295 1255 4379; x_wconf 70' lang='grc' dir='ltr'>δυνήσεται.</span> 
     </span>
     <span class='ocr_line' id='line_1_33' title="bbox 265 4405 1487 4497; baseline 0.003 -25"><span class='ocrx_word' id='word_1_266' title='bbox 265 4405 311 4472; x_wconf 92' lang='lat' dir='ltr'><strong>Ut</strong></span> <span class='ocrx_word' id='word_1_267' title='bbox 337 4429 466 4474; x_wconf 84' lang='lat' dir='ltr'><strong>versum</strong></span> <span class='ocrx_word' id='word_1_268' title='bbox 496 4409 656 4497; x_wconf 83' lang='grc' dir='ltr'>ἀκέφαλον</span> <span class='ocrx_word' id='word_1_269' title='bbox 683 4411 978 4496; x_wconf 84' lang='lat' dir='ltr'><strong>redintegraremus</strong></span> <span class='ocrx_word' id='word_1_270' title='bbox 1007 4418 1040 4477; x_wconf 93' lang='lat' dir='ltr'><strong>et</strong></span> <span class='ocrx_word' id='word_1_271' title='bbox 1062 4412 1230 4479; x_wconf 88' lang='lat' dir='ltr'><strong>Nauckius</strong></span> <span class='ocrx_word' id='word_1_272' title='bbox 1261 4412 1338 4478; x_wconf 93' lang='lat' dir='ltr'><strong>olim</strong></span> <span class='ocrx_word' id='word_1_273' title='bbox 1366 4416 1398 4476; x_wconf 89' lang='lat' dir='ltr'><strong>et</strong></span> <span class='ocrx_word' id='word_1_274' title='bbox 1427 4432 1487 4494; x_wconf 85' lang='lat' dir='ltr'><strong>ego</strong></span> 
     </span>
    </p>
   </div>
   <div class='ocr_carea' id='block_1_6' title="bbox 269 4529 1489 4688">
    <p class='ocr_par' dir='ltr' id='par_1_12' title="bbox 269 4529 1489 4688">
     <span class='ocr_line' id='line_1_34' title="bbox 269 4529 1489 4610; baseline 0.005 -19"><span class='ocrx_word' id='word_1_275' title='bbox 269 4547 401 4610; x_wconf 88' lang='lat' dir='ltr'><strong>operam</strong></span> <span class='ocrx_word' id='word_1_276' title='bbox 430 4529 598 4597; x_wconf 89' lang='lat' dir='ltr'><strong>dabamus.</strong></span> <span class='ocrx_word' id='word_1_277' title='bbox 642 4531 769 4598; x_wconf 87' lang='lat' dir='ltr'><strong>Neuter</strong></span> <span class='ocrx_word' id='word_1_278' title='bbox 796 4552 907 4598; x_wconf 86' lang='lat' dir='ltr'><strong>verum</strong></span> <span class='ocrx_word' id='word_1_279' title='bbox 929 4531 1104 4597; x_wconf 87' lang='lat' dir='ltr'><strong>adsecutus</strong></span> <span class='ocrx_word' id='word_1_280' title='bbox 1127 4537 1258 4598; x_wconf 89' lang='lat' dir='ltr'><strong>estnec</strong></span> <span class='ocrx_word' id='word_1_281' title='bbox 1280 4538 1317 4596; x_wconf 87' lang='lat' dir='ltr'><strong>ut</strong></span> <span class='ocrx_word' id='word_1_282' title='bbox 1338 4536 1415 4597; x_wconf 88' lang='lat' dir='ltr'><strong>tunc</strong></span> <span class='ocrx_word' id='word_1_283' title='bbox 1437 4552 1489 4597; x_wconf 89' lang='lat' dir='ltr'><strong>res</strong></span> 
     </span>
     <span class='ocr_line' id='line_1_35' title="bbox 1254 4635 1284 4688; baseline 0 -20"><span class='ocrx_word' id='word_1_284' title='bbox 1254 4635 1284 4688; x_wconf 76' lang='lat'><strong>3*</strong></span> 
     </span>
    </p>
   </div>
   <div class='ocr_carea' id='block_1_7' title="bbox 0 0 1793 5356">
    <p class='ocr_par' dir='ltr' id='par_1_13' title="bbox 0 0 1793 5356">
     <span class='ocr_line' id='line_1_36' title="bbox 0 0 1793 5356; baseline 0 0"><span class='ocrx_word' id='word_1_285' title='bbox 0 0 1793 5356; x_wconf 95' lang='lat' dir='ltr'><strong> </strong></span> 
     </span>
    </p>
   </div>
  </div>
 </body>
</html>
