3570 5356
288 474 326 531 14

285 645 475 712 Stobaeana
513 669 586 712 cum
620 647 691 712 aliis
725 647 941 712 Laurentiani
973 647 1116 713 fontibus
1150 647 1402 727 confundantur,
1439 650 1511 730 ipsa

285 765 421 849 impedit
444 767 524 831 satis
547 767 642 830 anxia
665 765 924 836 aLaurentiano
946 764 1094 829 adhibita
1109 765 1193 828 ratio
1211 764 1422 844 exscribendi,
1446 787 1510 848 qua
1587 851 1594 861 ἱ

284 859 513 966 parallelorum
535 885 610 949 libri
624 884 997 974 Aelianiquebistoriae
1021 883 1207 947 animalium
1231 889 1383 974 excerpta
1399 905 1419 948 a
1435 882 1508 948 Sto-

284 1001 418 1066 baeanis
439 1004 609 1085 perspicue
628 1009 799 1085 segregata
814 1004 887 1067 sint.
925 1002 1072 1066 Primum
1087 1007 1197 1066 antem
1212 999 1348 1066 Stobaei
1362 1003 1509 1086 exempla

283 1140 348 1184 uno
370 1126 482 1184 tenore
505 1120 559 1183 ille
582 1123 762 1203 exscripsit.
799 1121 900 1186 Initia
921 1141 997 1183 vero
1019 1118 1279 1184 Stobaeanorum
1301 1129 1413 1203 aperte
1435 1142 1524 1202 pro·¹

283 1239 401 1302 duntur
423 1258 512 1302 more
528 1237 661 1302 Ioannis
685 1260 812 1322 semper
834 1260 854 1303 a
876 1243 1047 1321 poetarum
1062 1238 1143 1302 locis
1160 1238 1364 1302 exordientis.
1391 1236 1509 1321 -Quem

281 1357 426 1438 regulam
448 1357 530 1420 adeo
553 1378 618 1420 non
641 1357 764 1421 laesam
787 1377 857 1422 esse
880 1355 1448 1439 01101111001111111111011.1084,
1472 1361 1509 1420 01

281 1494 503 1556 quaecumque
527 1481 640 1539 contra
656 1497 727 1540 eam
742 1495 887 1557 pugnare
902 1475 1052 1538 uidentur
1068 1495 1085 1537 e
1101 1473 1265 1555 parallelis
1280 1475 1387 1556 potius
1404 1475 1507 1556 petita

281 1611 352 1656 esse
376 1593 591 1658 demonstrari
611 1595 714 1677 possit
729 1593 849 1664 auxilio
865 1590 1011 1671 Antonii,
1034 1591 1181 1670 Maximi,
1204 1591 1360 1657 Melissae
1376 1589 1507 1674 Augus·
1607 1645 1611 1652 .

279 1714 376 1773 tanae
388 1710 589 1794 aliorumque
600 1713 654 1794 qui
665 1711 707 1775 ad
717 1711 835 1775 librum
844 1710 1078 1793 parallelorum
1087 1711 1196 1774 valent
1207 1709 1505 1792 redintegrandum.

278 1827 312 1895 N
314 1849 350 1891 ec
371 1851 436 1893 non
451 1829 646 1894 adminiculo
670 1837 746 1894 sunt
767 1832 994 1913 inscriptiones
1018 1828 1177 1913 quaedam
1193 1829 1246 1893 hic
1260 1828 1327 1893 illic
1342 1828 1376 1892 in
1393 1828 1504 1892 codice

278 1945 411 2010 additae
434 1946 511 2010 licet
532 1969 552 2012 a
568 1945 677 2014 Sartio
698 1971 762 2014 non
776 1949 897 2031 ubique
912 1947 1099 2029 adnotatae,
1122 1946 1210 2011 velut
1223 1944 1293 2031 περὶ
1310 1945 1505 2032 σωφροσύνης

278 2062 358 2127 illud
389 2066 476 2147 quod
503 2067 640 2131 iteratur
667 2074 742 2132 ante
769 2091 799 2152 p.
831 2074 918 2150 17725
949 2066 969 2129 i.
999 2087 1025 2130 e.
1053 2066 1086 2129 in
1117 2065 1254 2129 confinio
1282 2086 1395 2129 eorum
1422 2086 1504 2148 quae

279 2177 348 2265 περὶ
372 2185 568 2268 σωφροσύνης
592 2207 630 2249 ex
653 2185 817 2268 parallelis
833 2185 1073 2250 Laurentianus
1096 2185 1313 2267 exscripserat
1331 2205 1505 2267 eorumque

277 2322 360 2383 quae
384 2303 500 2367 deinde
523 2325 562 2367 ex
578 2301 669 2368 Stob.
685 2305 774 2370 Flor.
792 2326 818 2369 0.
836 2311 853 2370 5
871 2311 942 2370 erat
963 2304 1143 2368 additurus.
1182 2301 1309 2386 Quibus
1326 2302 1437 2366 aliisve
1453 2325 1504 2366 ra-

276 2420 419 2485 tionibus
442 2442 522 2503 quas
545 2421 598 2484 hic
621 2444 810 2488 enumerare
833 2424 964 2506 longum
987 2427 1036 2486 est
1059 2443 1156 2505 quam
1177 2422 1266 2485 facili
1289 2423 1417 2504 negotio
1440 2443 1504 2486 non

276 2537 378 2601 solum
385 2539 582 2620 Eclogarum
594 2540 652 2604 sed
664 2543 762 2605 etiam
768 2542 938 2625 Florilegii
950 2544 1060 2624 capita
1072 2540 1381 2624 quacLaurentiano
1393 2539 1504 2602 insunt

276 2657 498 2721 circumscribi
519 2660 653 2740 possint,
677 2661 777 2724 etiam
799 2661 932 2743 singulis
948 2659 1169 2742 comprobavit
1184 2656 1451 2720 Wachsmuthius
1467 2661 1503 2720 ut

274 2783 352 2856 puta
369 2774 409 2839 de
424 2775 593 2857 Florilegii
609 2775 715 2859 capite
732 2779 854 2861 quinto,
877 2778 1057 2855 undecimo,
1078 2777 1202 2840 decimo
1218 2774 1313 2839 tertio
1329 2795 1397 2839 rem
1412 2776 1501 2840 illus·

274 2897 365 2956 trans
388 2893 408 2956 l.
432 2913 456 2956 s.
480 2914 511 2975 p.
528 2899 577 2959 84.
601 2901 651 2974 89,
678 2902 709 2976 1;
733 2897 772 2960 cf.
789 2897 888 2960 etiam
903 2921 934 2982 p.
950 2903 1001 2962 40.
1038 2896 1135 2962 Nunc
1151 2915 1261 2958 omnes
1277 2895 1376 2958 etiam
1392 2897 1447 2978 001
1458 2895 1501 2958 ad

273 3009 486 3093 Florilegium
519 3014 682 3096 pertinent
708 3013 923 3080 Laurentiani
954 3017 1044 3080 locos
1078 3013 1245 3078 commode
1272 3021 1427 3098 recteque
1453 3015 1502 3078 iu-

274 3126 399 3193 dicatos
422 3132 564 3213 reperies
583 3131 671 3215 apud
687 3133 836 3198 Elterum
852 3134 892 3198 de
908 3133 979 3198 cod.
995 3133 1092 3199 Phot.
1108 3155 1138 3216 p.
1155 3137 1206 3211 29,
1229 3138 1257 3196 3.
1289 3130 1387 3215 Quod
1402 3133 1501 3214 igitur

271 3247 304 3310 in
327 3246 460 3330 Eclogis
487 3256 562 3332 post
584 3251 869 3316 Wachsmuthium
896 3273 990 3317 nemo
1017 3273 1082 3316 non
1111 3271 1299 3315 concessum
1327 3256 1423 3332 putat
1444 3250 1498 3336 (cf.

272 3363 390 3430 Dilesii
405 3367 549 3452 Doxogr.
566 3394 596 3454 p.
612 3371 668 3453 44)
687 3370 882 3454 1110111000
904 3392 1008 3454 nuper
1031 3370 1131 3434 etiam
1151 3376 1319 3434 auctorum
1338 3369 1498 3435 indicibus

271 3483 441 3550 Photianis
465 3488 673 3567 confirmavit,
697 3490 774 3572 quid
796 3489 935 3574 impedit
957 3510 1020 3572 quo
1040 3489 1145 3552 minus
1161 3489 1260 3552 etiam
1274 3489 1307 3551 in
1321 3488 1498 3572 Florilegio

270 3603 405 3668 taudem
425 3606 599 3687 aliquando
624 3607 832 3673 timiditatem
851 3611 1050 3691 deponamus
1067 3603 1211 3672 Stobaeo
1226 3606 1400 3671 reddentes
1416 3629 1498 3690 quae

271 3719 407 3786 Stobaei
436 3721 532 3788 sunt?
569 3725 656 3789 Nam
684 3730 740 3810 001
766 3727 893 3810 longius
922 3726 1133 3809 aFlorilegii
1156 3724 1321 3790 codicibus
1343 3725 1497 3789 recedere

269 3839 547 3906 Laurentianumv
572 3843 799 3908 existimarunt
836 3845 1013 3928 ordineque
1050 3845 1098 3908 uti
1133 3843 1222 3907 haud
1256 3864 1331 3908 raro
1369 3842 1496 3908 diverso

270 3958 327 4045 (cf.
343 3958 476 4022 Elterus
499 3960 519 4023 l.
543 3982 566 4024 s.
587 3983 617 4043 p.
634 3966 684 4040 29,
709 3967 752 4041 2),
776 3963 807 4026 01
827 3983 893 4026 101
916 3961 1029 4025 dubito
1053 3961 1149 4045 paulo
1173 3961 1267 4024 aliter
1287 3959 1495 4042 iudicassent,

269 4077 298 4139 si
319 4077 370 4140 vel
391 4076 536 4141 ordinem
561 4081 692 4162 ‘optimi’
717 4079 858 4144 Parisini
882 4080 1039 4144 curiosius
1061 4079 1286 4163 inspexissent.

352 4193 455 4260 Vides
477 4198 543 4261 iam
566 4218 629 4282 quo
652 4199 685 4261 in
707 4205 869 4263 staturos
893 4200 945 4264 sit.
981 4199 1034 4265 Ne
1057 4221 1097 4264 ea
1120 4199 1237 4282 quibus
1253 4198 1494 4264 Laurentianus

269 4310 448 4379 Stobaeum
465 4315 644 4380 divitiorem
659 4317 768 4381 reddit
782 4318 881 4382 etiam
897 4317 1494 4403 11110111ος10011101010111001011,

269 4453 464 4515 quamquam
475 4435 508 4498 in
518 4435 701 4499 universum
712 4457 781 4500 rem
790 4458 855 4502 non
865 4437 1044 4502 concedere
1058 4457 1123 4501 non
1138 4441 1300 4520 poterant,
1315 4438 1348 4501 in
1360 4439 1494 4522 singulis
