3570 5356
323 1863 405 1928 Oum
421 1863 471 1928 his
486 1863 565 1948 ipsis
582 1862 695 1927 diebus
718 1862 833 1944 quibus
854 1860 1009 1944 philologi
1029 1856 1225 1925 Germaniae
1248 1863 1460 1930 Oaroliruhae

236 1986 426 2045 conventum
450 1980 625 2060 celebrant,
648 1981 711 2044 iter
725 1980 804 2043 mihi
820 1979 1037 2062 Hispanicum
1052 1979 1232 2061 parandum
1248 1982 1298 2058 sit,
1319 1981 1459 2048 Ioannes

237 2097 398 2163 Stobaeus
432 2099 488 2182 qui
517 2121 568 2163 me
591 2098 705 2182 procul
738 2118 808 2161 esse
840 2099 931 2162 iubet
956 2098 1043 2161 idem
1073 2098 1170 2160 etiam
1203 2101 1377 2164 excusandi
1409 2121 1460 2166 me

235 2239 359 2296 munus,
389 2218 416 2281 si
439 2238 503 2300 qua
526 2217 733 2282 excusatione
755 2237 828 2280 mea
851 2237 931 2300 opus
954 2215 1060 2294 fuerit,
1083 2216 1118 2280 in
1140 2236 1174 2278 se
1197 2216 1292 2280 velim
1313 2220 1459 2302 recipiat,

236 2336 374 2399 maxime
408 2335 495 2418 apud
528 2337 649 2399 amicos
683 2335 875 2417 quibuscum
901 2354 988 2398 nunc
1020 2334 1059 2397 de
1088 2334 1149 2398 hoc
1180 2335 1251 2416 ipso
1279 2336 1459 2402 studiorum

236 2474 352 2534 genere
374 2453 481 2517 varias
505 2473 588 2536 quae
610 2458 735 2517 restant
757 2451 962 2536 quaestiones
994 2451 1147 2515 familiari
1167 2473 1313 2518 sermone
1341 2476 1459 2539 expen-
1513 2471 1520 2488 ·
1557 2439 1559 2442 ’

236 2571 312 2635 dere
335 2572 458 2635 liceret.

319 2689 372 2754 Ac
395 2692 482 2754 venit
496 2711 599 2773 nuper
618 2691 651 2753 in
673 2709 787 2753 manus
810 2695 939 2753 nostras
955 2711 1014 2772 per
1037 2691 1200 2772 egregiam
1222 2689 1261 2755 P.
1284 2690 1457 2759 Thomas

233 2808 425 2892 professoris
442 2807 667 2873 (landavensis
688 2807 919 2871 liberalitatem
941 2808 1072 2872 collatio
1094 2809 1215 2872 codicis
1237 2807 1460 2876 Bruxellensis

232 2926 434 3008 plurifariam
455 2925 598 3008 insignia,
628 2946 691 3008 quo
713 2926 808 2990 unius
830 2927 1033 3008 potissimum
1055 2926 1131 2990 libri
1163 2923 1341 2992 Stobaeani
1364 2931 1455 2995 'haud

233 3067 351 3128 parvus
376 3044 561 3127 eclogarum
575 3065 728 3109 numerus
753 3047 946 3110 continetur.
991 3045 1089 3109 Hanc
1111 3045 1215 3129 ipsam
1239 3047 1454 3128 collationem,

235 3186 331 3248 quam
353 3163 532 3246 prudenter
555 3169 589 3228 et
610 3163 695 3227 sicut
709 3185 762 3227 res
777 3164 884 3246 poscit
898 3165 1039 3228 instituit
1054 3165 1092 3228 P.
1109 3164 1261 3244 Thomna,
1283 3172 1456 3251 postquam

233 3284 417 3366 diligentius
439 3302 526 3346 nunc
548 3282 694 3360 tractavi,
716 3282 781 3345 iam
805 3283 918 3365 quanti
940 3283 1161 3348 aestimandus
1178 3285 1219 3346 sit
1236 3283 1455 3350 Bruxellensis

234 3402 342 3486 quoad
365 3404 432 3466 eius
455 3399 551 3466 hodie
574 3399 645 3464 fieri
666 3402 788 3482 poterit
808 3399 921 3483 paucis
949 3399 1119 3484 inquiram.
1164 3399 1368 3484 Quamquam
1390 3425 1455 3467 non

231 3520 265 3583 in
294 3521 402 3584 animo
430 3525 494 3584 est.
509 3519 672 3583 variarum
698 3519 874 3582 lectionum
902 3538 1017 3601 greges
1045 3520 1260 3604 constipando
1289 3541 1328 3584 ea
1357 3522 1453 3586 hodie

231 3643 388 3722 repetere,
417 3659 500 3722 quae
516 3638 593 3701 iam
625 3637 746 3701 dudum
775 3637 814 3700 de
838 3636 951 3701 eodem
980 3637 1092 3702 codiee
1114 3638 1236 3720 publici
1264 3639 1342 3703 iuris
1365 3639 1454 3704 facta

231 3762 315 3821 sunt.
352 3757 516 3821 Nimirum
532 3761 582 3820 est
595 3756 682 3820 idem
696 3755 780 3819 liber
794 3776 893 3819 manu
907 3757 1057 3840 scriptus,
1074 3757 1165 3822 ouius
1181 3758 1314 3821 eximias
1330 3758 1454 3841 aliquot

231 3875 387 3939 lectiones
420 3875 478 3939 sed
509 3895 591 3957 quae
624 3874 666 3938 ad
692 3875 805 3957 viginti
832 3875 956 3958 priores
984 3880 1111 3939 tantum
1139 3875 1252 3942 titulos
1279 3878 1452 3960 pertinent,

231 3993 307 4057 olim
330 3993 491 4077 decerpsit
514 3992 652 4058 Carolus
670 3991 840 4077 Augustus
861 3993 1012 4074 Beving
1033 3993 1066 4057 in
1083 3996 1352 4059 commentatione
1368 4017 1453 4061 nunc

230 4112 361 4191 rariore,
386 4132 468 4195 quae
490 4112 678 4176 inscribitur
692 4113 891 4196 Romurques
912 4113 1062 4195 critiquos
1076 4133 1130 4178 sur
1143 4114 1291 4195 quelques
1303 4135 1453 4200 passages

230 4232 266 4295 de
288 4231 497 4316 l'Antbolopr'e
525 4233 562 4296 de
586 4231 703 4314 Stobde,
726 4231 899 4296 Bruaclles
929 4236 1019 4295 1833.
1064 4232 1117 4296 De
1145 4231 1306 4297 industria
1335 4233 1452 4299 deinde

229 4370 299 4413 rem
321 4368 493 4431 aggressus
508 4347 546 4412 P.
562 4347 730 4413 Thomas
752 4349 961 4432 integriorem
977 4349 1067 4413 dedit
1084 4350 1205 4413 codicis
1222 4371 1295 4414 cum
1311 4351 1453 4416 editione

229 4466 439 4531 Meinekiana
462 4467 668 4532 collationem
684 4467 793 4533 Romae
813 4469 851 4533 dc
871 4468 1090 4533 l'Iustruotiou
1106 4469 1260 4552 Iirbliquc
1278 4470 1312 4535 Τ.
1329 4469 1459 4536 XVIII

1236 4579 1248 4624 1

278 4569 361 4608 Hense.
